2766 5256
270 718 363 823 Cap.¹
380 714 450 813 l.§.
475 717 537 789 Vl.
559 715 755 818 Alphabeta
773 742 795 791 e
816 716 920 793 latino
944 719 1126 821 (armatas
1200 747 1220 821 7

82 1002 86 1009 .
140 912 401 1015 glagoliticum
415 910 525 988 initio
544 936 687 989 vocum
704 935 779 1011 pro
796 928 887 1001 isset
896 929 989 1017 post
1008 940 1224 993 consonan-

140 1066 199 1127 tes
223 1078 298 1153 pro
325 1079 339 1128 ε
363 1076 466 1153 puro
493 1051 685 1128 adhibuit.
711 1027 804 1141 iia,
839 1078 931 1139 oum
960 1054 1004 1130 in
1023 1055 1158 1153 medio
1183 1071 1223 1132 ct
1311 1078 1314 1082 ’

142 1191 220 1267 line
241 1190 345 1291 apud
376 1187 575 1269 Dalmatas
609 1204 666 1275 ut¹
688 1191 877 1291 illyricum
906 1191 975 1281 ch,
1010 1218 1093 1271 non
1112 1208 1158 1269 ut
1184 1223 1218 1303 ip

143 1343 271 1414 sonet,
292 1327 425 1406 literae
452 1326 497 1406 (Ji
521 1330 849 1433 praeponendum
875 1331 1033 1408 censuit.
1085 1329 1221 1410 Solent

143 1481 272 1545 autern
299 1497 334 1577 ip
361 1469 641 1570 glagoliticum,
655 1467 754 1545 dum
771 1469 845 1546 hac
862 1469 970 1547 litera
997 1494 1140 1547 sonum
1162 1496 1221 1569 cy-

141 1607 246 1684 rillici
271 1636 305 1715 ip
332 1610 550 1710 exprimere
561 1609 700 1685 volunt
720 1603 941 1698 Dalmatae,
965 1609 1090 1685 tribus
1101 1632 1221 1711 punc·

140 1749 187 1823 tis
206 1760 356 1836 notare,
368 1763 435 1823 aut
455 1749 488 1825 ei
508 1745 661 1823 literam
680 1774 715 1823 ιιι
741 1724 1058 1847 praefigerejffis
1096 1744 1222 1825 deleo·

121 1880 242 1963 tibus
270 1887 465 1988 alphabeti
475 1884 678 1989 glagolitici
694 1885 845 1963 mederi
864 1885 1039 1964 volentes
1049 1884 1222 1987 Raphael
1286 1942 1289 1947 -

129 2021 377 2107 ,Levalrovich
408 2040 447 2102 et
470 2025 687 2104 Matthaeus
713 2022 925 2116 Caraman,
960 2025 1155 2104 librorum
1182 2026 1224 2102 li-

137 2168 383 2266 turgicorum
404 2176 665 2253 correctores,
692 2165 806 2241 variis
838 2166 957 2265 signis
972 2158 1114 2241 ssliteras
1145 2163 1221 2264 gla-

138 2304 312 2405 goliticas
335 2317 525 2379 notarunt
542 2305 590 2380 ad
613 2294 889 2404 exprimendos
911 2328 1032 2380 sonos
1060 2326 1220 2391 omnes,
1351 2324 1360 2349 ¹

135 2445 205 2545 qui
226 2443 424 2542 aptissime
443 2440 562 2517 literis
585 2441 757 2540 cyrillicis
788 2440 1018 2517 redduntur.

233 2576 314 2661 lloc
351 2579 514 2657 consilio
544 2604 664 2680 opera
694 2576 899 2657 Caramani
928 2577 1128 2655 ledrensis
1153 2574 1222 2652 Ar·

106 2728 111 2735 '
138 2720 374 2821 cliiepiscopi
400 2718 550 2795 llomae
573 2720 664 2817 1753
689 2716 844 2795 Bulcvar
869 2714 1079 2812 Slavenskij
1099 2715 1220 2793 literis

138 2872 215 2931 tam
237 2858 411 2956 cyrillicis
434 2882 553 2958 quarn
575 2856 798 2958 glagoliticis
820 2855 948 2941 editus
969 2866 1036 2930 est

231 3002 262 3096 5.
288 2994 348 3070 Vl.
377 2994 454 3090 Qui
473 2997 688 3097 alphabetis
710 3023 730 3074 e
757 2996 876 3077 latino
897 3008 964 3071 aut
994 2993 1218 3097 germanico

136 3137 311 3211 lornratis
332 3148 516 3226 utuntur,
540 3137 597 3211 uti
615 3134 728 3233 inpii
746 3134 786 3209 in
801 3129 979 3215 Slatonia
1012 3147 1052 3209 et
1067 3129 1220 3211 Dalma-

137 3279 210 3363 tia,
233 3273 424 3362 Croatae,
450 3272 642 3363 Carnioli,
676 3270 835 3361 Poloni,
859 3269 1045 3358 noluerat,
1081 3283 1120 3347 et
1148 3269 1219 3346 Ve-

136 3418 224 3493 nedi
251 3415 448 3503 lusatiae,
474 3413 624 3491 diversa
660 3411 811 3488 ratione
847 3436 967 3489 sonos
987 3406 1109 3487 Slavis
1128 3433 1220 3511 pro<

134 3558 240 3655 prios
263 3554 435 3655 signant,
462 3578 530 3630 eos
553 3553 763 3638 nimirum,
789 3574 890 3651 quos
917 3548 1081 3650 simplici
1108 3548 1218 3629 litera

134 3695 347 3794 exprimere
368 3720 448 3769 non
464 3696 654 3794 poterarit.
705 3685 810 3791 Cape
831 3689 1024 3791 exempla:
1146 3706 1150 3715 '

206 3827 331 3929 cyrill.
389 3831 487 3930 lllyr.
549 3828 678 3906 licoat
729 3824 843 3905 Carn.
892 3828 972 3903 Pol.
1023 3824 1118 3903 ltoh.

252 3960 277 4031 3
426 3959 445 4004 z
594 3957 613 4002 a
760 3953 778 4003 s
924 3953 944 4007 a
1053 3952 1072 4001 z

254 4076 282 4122 as
431 4079 452 4125 ,ι
604 4073 621 4119 s
770 4045 814 4118 <li
890 4138 896 4149 .
939 4041 958 4116 ’ἰ
1056 4040 1076 4119 i

253 4192 276 4241 c
433 4196 452 4242 s
599 4152 639 4239 sa
769 4160 792 4241 Γ
936 4189 955 4236 a
1054 4188 1073 4240 s
1194 4142 1199 4155 ⁸

254 4312 289 4357 ιιι
429 4312 469 4362 sc
585 4285 631 4358 sla
755 4281 800 4358 sle
924 4306 965 4355 sz
1041 4275 1111 4367 ssss’

255 4429 278 4502 q
433 4426 452 4475 c
591 4428 634 4475 cz.
767 4428 786 4475 a
930 4424 952 4475 c
1031 4423 1070 4472 ·c

256 4548 276 4593 a
427 4545 466 4595 cs
590 4523 638 4597 cli
756 4519 804 4593 ah
923 4545 963 4597 cz
1046 4512 1068 4595 ε’

1095 4655 1168 4732 l'e·
