2774 4748
1058 301 1166 377 xvu-

51 509 166 565 tarem
197 486 354 563 libellum
376 512 442 589 pro
469 487 607 589 pueris,
631 514 704 562 non
730 489 920 591 Ostrogiae
941 492 1005 568 sed
1033 476 1159 572 Vilnae

58 632 154 705 ¹th
181 631 403 728 impressum
453 629 629 703 llenricus
655 628 838 703 Wharton
857 632 892 704 in
910 634 1077 710 Auctario
1107 639 1159 711 hi⁴

56 772 188 843 neriae
206 768 425 870 dogmaticae
449 767 590 886 Usserii
609 768 825 866 Apostolum
841 770 936 846 hisce
959 773 1156 876 descripsitz

55 910 177 981 »Errat
203 909 309 981 etiam
334 908 413 982 MS.
434 907 468 981 in
484 906 694 982 bibliotheca
711 894 1158 1006 Lambethanacodex‘lin·

55 1072 127 1147 gua
152 1063 188 1120 et
213 1048 320 1121 literis
346 1047 529 1124 Slaviuicis
556 1047 695 1148 (quales
720 1076 740 1120 a
766 1048 897 1151 Cyrillo
924 1053 1085 1128 inventae
1103 1054 1156 1129 di·

62 1196 203 1276 muter)
213 1187 448 1286 pulcherrime
473 1203 641 1263 exaratus.
701 1187 807 1261 Illum
827 1190 1053 1266 animadverti
1072 1214 1158 1269 con·

59 1329 170 1400 tinere
191 1330 280 1400 Acta
295 1328 788 1428 Apostolorumsslaeania
813 1327 1158 1431 Apostolesca),

62 1483 96 1540 et
116 1464 182 1539 alia
202 1467 393 1564 quaedam,
428 1468 572 1542 forsitan
602 1468 782 1569 Epistulas
802 1469 931 1557 Pauli,
964 1471 1160 1547 Canonicas

62 1623 95 1679 et
119 1605 396 1711 Apocalypsim,
422 1634 503 1685 cum
538 1607 695 1709 Liturgia
720 1609 763 1681 ad
790 1608 894 1681 linem
924 1608 1049 1684 addita.
1099 1614 1186 1686 ΑΠ’

63 1747 177 1820 sersio
204 1747 339 1850 Cyrillo
373 1745 539 1819 debeatur
564 1771 695 1834 necne,
731 1772 803 1819 non
821 1747 934 1822 haheo
955 1746 1159 1847 quodaffir-
1303 1806 1305 1810 a
1347 1714 1351 1725 Ι

66 1910 176 1975 mem,
209 1912 292 1961 cum
318 1888 471 1990 lingnam
497 1862 641 1961 minime
667 1885 892 1987 intelligam».
927 1890 981 1962 lta
1004 1887 1060 1961 ille
1077 1889 1181 1963 satis³

64 2026 233 2102 modeste.
262 2028 312 2103 At
333 2046 426 2105 certe
445 2031 572 2106 fallitur
592 2032 626 2103 in
644 2056 707 2117 co,
733 2028 830 2126 quod
855 2028 1052 2103 Canonicas
1077 2046 1161 2129 post
1281 2084 1286 2095 .

67 2164 165 2241 Pauli
185 2165 353 2264 epistolas
381 2171 557 2257 nominet,
574 2185 607 2242 et
624 2166 877 2271 Apocalypsim
905 2183 939 2239 et
967 2167 1162 2270 Liturgiam

63 2306 298 2381 etiamcodicc
322 2307 391 2387 hoc
401 2308 571 2382 contineri
582 2309 765 2408 putaverit.
792 2305 978 2405 Ejusmodi
991 2306 1065 2380 libri
1080 2309 1163 2406 „qui

67 2458 206 2555 offlam
227 2449 310 2546 (pro
326 2437 505 2547 πράξεων)
522 2471 587 2520 seu
598 2446 762 2553 lhpostoli¹
773 2446 939 2548 appellari
954 2447 1086 2536 solent,
1112 2446 1160 2522 nil
1322 2484 1325 2489 ·

67 2585 158 2659 alind
176 2585 497 2687 comprehendunt,
510 2611 615 2684 quam
625 2589 714 2663 Acta
731 2587 941 2676 ,Canonicas
953 2644 962 2677 ,
974 2589 1073 2661 Pauli
1084 2589 1161 2688 epi-

65 2725 220 2827 dolaret
235 2727 469 2830 Synaxarium
487 2751 552 2800 seu
569 2725 816 2807 collectionem
833 2727 1019 2799 mensium.
1051 2724 1159 2800 Tales

66 2881 145 2938 aunt
171 2864 268 2963 apud
288 2862 560 2941 Griesbaehium
578 2866 780 2970 Ribayanus
798 2867 843 2939 N.
869 2872 909 2954 5,
945 2888 1050 2962 quem
1068 2889 1163 2940 nuno

66 3004 189 3078 budae
199 3021 316 3079 servat
339 3003 553 3079 bibliotheca
565 3006 691 3080 nobilis
717 3005 862 3078 Domini
883 3002 926 3077 de
952 3002 1164 3094 Janltovics,

68 3146 112 3219 N.
117 3166 154 3240 7.
164 3141 460 3247 Petropolitanus,
468 3145 514 3219 N.
528 3144 561 3219 8.
573 3144 871 3233 vindobonensis,
885 3142 984 3239 cujus
997 3143 1163 3218 lectiones

64 3286 260 3357 Alteras
285 3285 322 3357 in
345 3285 451 3359 Novo
478 3284 577 3357 Test.
608 3283 747 3357 Graeco
785 3280 955 3372 exhibuit,
992 3280 1164 3359 chartacei
1267 3344 1279 3363 e

65 3446 210 3509 omnm
241 3421 366 3496 addam
386 3422 473 3499 inira
498 3423 813 3498 Vindobonensem
835 3422 1161 3510 membranaceum,

63 3568 118 3663 qui
139 3580 223 3664 post
244 3564 354 3636 Alteri
379 3564 569 3637 editionem
585 3562 629 3636 N.
657 3562 756 3637 Test.
785 3563 898 3661 graeci
922 3562 1160 3640 Bibliothecae

66 3706 262 3781 Caesareae
285 3705 439 3777 accessit.

161 3844 319 3920 Codices
339 3846 533 3943 pragenses
562 3838 837 3938 Evangeliorum
849 3840 1049 3916 chartaceos
1061 3838 1161 3928 duos,

58 3986 151 4086 qud
163 3982 438 4057 Grieshachium
454 3981 534 4053 liet
546 3999 577 4074 7.
592 3983 712 4078 paucis
724 3979 982 4077 descripsimus.
1008 3980 1160 4064 Primus,

58 4120 212 4197 lamiliae
235 4122 424 4212 Serbieae,
444 4121 479 4192 in
504 4119 713 4195 bibliotheca
733 4121 837 4220 ⁶regia
862 4116 999 4220 publica
1009 4171 1020 4207 ,
1041 4114 1163 4188 retinet

734 4260 800 4355 to
956 4371 961 4383 ⁴
1061 4281 1125 4332 vo·
