2766 5256
247 702 295 756 aa
350 680 435 782 op.
459 672 688 776 r.·5.·xvtn:
712 636 963 778 Regiliano
983 677 1262 769 arimonio,
1324 712 1336 761 0

246 878 303 965 tio
327 876 426 951 illius
448 887 537 950 ante
561 887 577 953 t·
599 872 640 950 in
657 872 929 951 constituenda
956 871 1077 949 vocali
1097 872 1219 949 solida
1240 878 1334 980 Jety

234 1017 319 1131 (op)
344 1014 563 1092 admodum
580 988 807 1101 necessaria.
1127 1018 1131 1025 '

274 1210 277 1215 '
347 1197 398 1287 (l)
423 1198 487 1269 Vis
504 1196 685 1269 nominum
711 1220 784 1304 repa
805 1218 868 1266 seu
897 1219 973 1302 gpn
996 1211 1028 1268 et
1056 1224 1125 1307 repa
1150 1225 1212 1271 seu
1240 1225 1333 1308 (epa,

249 1322 340 1395 quere
358 1295 509 1390 Cprillus
527 1296 645 1394 liguris
673 1319 698 1367 'a
718 1312 789 1367 eta
817 1293 1005 1389 imposuit,
1031 1296 1064 1366 in
1089 1323 1132 1368 eo
1158 1299 1333 1383 consistit,

251 1393 346 1492 quod
370 1420 458 1466 sono
477 1392 615 1465 diverso
631 1391 741 1464 linaiis
760 1392 904 1500 literaop
923 1391 1137 1466 lirnetioaem
1155 1398 1336 1494 signorum

236 1518 277 1567 n
302 1507 336 1564 ot
354 1514 392 1579 κ,
417 1494 655 1566 Armonorum
671 1490 707 1564 lt
732 1489 877 1588 duplos,
904 1512 1067 1588 asperum
1084 1510 1117 1564 et
1135 1494 1246 1579 dulce,
1264 1493 1335 1565 for·

243 1602 343 1664 tasse
370 1590 578 1688 respiciens,
605 1588 797 1687 exprimere
819 1586 975 1659 voluerit.
1027 1591 1122 1663 Huic
1149 1591 1337 1665 discrimini

234 1688 452 1787 explicando
475 1687 673 1786 exemplum
693 1689 775 1759 satis
790 1703 909 1783 aptum
929 1687 1096 1785 praebent
1118 1714 1189 1762 non
1219 1690 1337 1761 solum

248 1788 418 1860 vocabula
440 1811 519 1896 rapa
550 1786 758 1872 vehemens,
778 1803 818 1859 ’et
851 1812 881 1858 ra
906 1812 925 1859 n
953 1785 1069 1885 l'rnges
1095 1787 1335 1874 vernao,'aod

236 1886 393 1983 ¹etplnra
410 1885 493 1973 alia,
512 1886 563 1956 nti
575 1908 663 1959 aean
683 1899 838 1972 et'aean,
857 1808 961 1960 uisas
984 1901 1016 1957 et
1037 1885 1155 1972 sdan,
1181 1910 1286 1986 patto
1304 1899 1339 1956 et

250 2008 371 2081 pann,
400 2006 489 2076 rano
510 1999 542 2055 et
570 2008 654 2057 rara
681 1998 715 2054 ot
731 1984 845 2055 omnia
863 1983 925 2056 alia
942 1983 976 2055 in
994 2008 1165 2055 consonas
1184 1983 1340 2078 ejusmo-

249 2082 285 2152 di
311 2082 508 2167 desinentia,
521 2106 611 2177 qnae
627 2080 773 2178 subinde
790 2082 928 2169 durius,
946 2080 1131 2178 aliquando
1150 2080 1260 2152 lanius
1279 2106 1340 2152 so·

249 2196 352 2268 nant,
377 2181 528 2276 ideoque
546 2180 730 2275 utriusque
744 2180 833 2278 signi
850 2205 876 2253 n
892 2195 957 2252 etr·
975 2181 1110 2277 rapae-,ia
1130 2194 1221 2267 sunt,
1238 2179 1341 2251 ninii.-

228 2302 386 2366 ruma,
414 2300 455 2365 ε’,
483 2303 534 2367 n,
561 2305 610 2363 n,
637 2303 682 2364 n,
709 2307 752 2365 a,
778 2304 818 2386 p,
845 2298 891 2378 p,
920 2277 1140 2355 rzhisenirn
1161 2302 1224 2376 pro
1241 2277 1338 2348 vario

248 2379 327 2450 'aoni
351 2391 626 2475 temperamento
654 2392 688 2448 ot
711 2402 738 2449 n
764 2392 795 2448 et
824 2404 844 2459 a
871 2372 963 2474 affigi
988 2376 1087 2447 solet.

346 2561 378 2659 ς.
404 2553 535 2639 XVIII.
575 2556 620 2630 ln
661 2554 808 2656 regulis
842 2553 893 2634 de
936 2553 1340 2643 scribendo'n'etn‚
1375 2558 1378 2563 ’

249 2721 347 2798 quas
382 2694 585 2797 diligenter
620 2670 773 2795 §attegia
798 2692 993 2785 Abrohom
1027 2695 1282 2786 ,daemonicas
1303 2707 1342 2769 et

245 2810 289 2909 in
327 2833 590 2912 Grammatico
626 2834 761 2909 suain
786 2858 906 2908 usum
942 2820 1164 2908 Serborum
1196 2831 1340 2933 scripta

247 2975 349 3057 clare
391 2972 589 3073 exposuit,
624 2994 717 3047 eum
761 2994 828 3045 eae
873 2985 912 3047 et
946 2984 1076 3048 rectae
1104 2975 1344 3073 pronuncia·

230 3113 344 3201 'tioni
374 3110 610 3210 syllabarum
638 3105 892 3199 radicalium,
917 3122 957 3184 et
978 3109 1164 3211 analogiis
1193 3107 1342 3187 forma·

224 3230 402 3326 ·tionum
428 3261 468 3335 et
500 3244 717 3324 {lerionum
741 3244 860 3350 atqire
899 3249 1104 3323 communi
1125 3252 1217 3325 usui
1242 3250 1342 3327 inni-

243 3398 403 3475 tantur..
428 3384 524 3461 nihil
548 3382 631 3465 fere
657 3400 740 3477 est,
776 3387 886 3489 quod
910 3386 995 3482 jure
1027 3386 1340 3488 reprehendam,

245 3527 400 3603 duabus
419 3539 553 3601 tamen
568 3525 760 3626 erceptis,
788 3544 889 3627 quae
908 3526 1129 3602 auctoritati
1145 3525 1340 3615 librorum

243 3688 442 3741 novorum
461 3687 481 3737 a
499 3660 636 3741 llussis
658 3662 857 3769 editorum
874 3664 1041 3739 nimium
1066 3665 1256 3743 tribuunt

224 3846 228 3851 -
341 3799 523 3897 Quarum
535 3826 614 3879 una
630 3802 837 3903 praecipit,
863 3780 1116 3881 scribendum
1134 3832 1162 3883 n
1182 3818 1277 3905 poat
1291 3833 1336 3916 q,

245 3938 356 4042 qnod
379 3953 419 4027 et
442 3938 643 4018 codicibus
665 3941 835 4042 antiquis
859 3944 999 4043 etipsa
1026 3940 1201 4043 analogia
1225 3940 1338 4020 refel-

240 4078 343 4156 litur.
393 4074 441 4153 st
451 4104 624 4181 namque
642 4104 697 4157 ex.
708 4104 762 4179 gr.
789 4105 852 4192 pas
876 4080 918 4161 ln
935 4078 1181 4157 Nominativo
1196 4077 1337 4179 plurali

245 4244 291 4308 n,
316 4241 398 4292 non
417 4244 466 4307 n,
491 4217 682 4317 postulat,
708 4228 813 4292 certe
833 4227 873 4289 et
896 4241 1039 4333 aruqn,
1067 4245 1192 4329 anun,
1225 4222 1337 4297 altu·

242 4384 370 4469 napa,
396 4360 457 4437 uti
471 4356 569 4431 haec
588 4355 627 4428 in
645 4350 1154 4459 Serbicislibrisantiquitns
1172 4359 1337 4460 impres·

242 4497 293 4592 sis
311 4508 418 4575 recte
437 4507 588 4590 exarata
606 4491 810 4601 leguntur,
831 4495 1086 4589 scribendum
1106 4496 1189 4574 erit

1228 4636 1292 4730 dl·
