2766 5256
134 978 307 1053 decimus.
344 972 486 1051 Cum'ia
508 969 591 1047 doli.
623 990 661 1058 a,
692 986 722 1041 a.
748 942 917 1043 aularum
939 973 1010 1063 pto'
1027 988 1172 1042 urrann
1189 964 1243 1040 le·

135 1134 212 1219 gat,
242 1114 367 1189 seculo
394 1116 492 1189 xlll.
522 1112 673 1211 scriptus
717 1130 797 1181 ease
836 1129 909 1179 non
929 1121 1066 1222 potest,
1091 1091 1161 1180 sed
1195 1105 1241 1181 ad

138 1256 245 1332 linem
270 1281 341 1329 sae
367 1256 465 1329 xlv.
491 1269 550 1327 aut
560 1277 630 1330 aec.
650 1249 720 1323 XV
730 1247 884 1319 ineunte.
919 1245 1076 1349 'i'alrulas
1098 1246 1244 1347 Cappa·

138 1396 276 1482 aionas,
300 1393 497 1469 calendarii
513 1395 663 1475 Sanctos
679 1398 1009 1490 repraesentantes,
1025 1414 1113 1487 quas
1137 1388 1247 1462 ineo-
1282 1374 1286 1389 ⁸

1070 713 1240 843 ἰιιιι

144 1534 222 1609 dem
249 1558 360 1633 opere
380 1547 461 1631 apte
478 1530 677 1631 explicavit,
704 1529 806 1637 facila
824 1524 1027 1605 admiserim
1044 1553 1065 1600 a
1088 1526 1244 1602 Serbicia
1279 1596 1282 1601 .

148 1673 331 1748 monachis
352 1675 442 1748 circa
458 1697 590 1745 anuum
615 1665 709 1747 1500
734 1664 979 1771 suimepicna
1130 1668 1139 1699 ⁸

245 1815 450 1890 Chronicon
468 1811 690 1889 coronarint
707 1808 903 1902 Manassis,
927 1808 1026 1910 quod
1045 1780 1168 1891 eadem
1192 1811 1248 1885 bi-

142 1954 465 2042 bliothecaservat,
491 1977 584 2026 anuo
598 1958 695 2027 1350
720 1952 889 2052 scriptum
908 1949 1109 2025 slavonicus
1130 1934 1247 2026 'inter-

147 2119 227 2194 pres
247 2093 341 2193 Regi
355 2091 541 2193 Balgatiae
559 2090 714 2166 «iohanni
724 2089 924 2166 Alexandro
937 2088 1117 2165 dedicavit.
1136 2088 1248 2164 Codi-

151 2260 228 2308 cem
245 2234 459 2339 cyrillicum,
484 2256 577 2306 auno
609 2232 704 2321 ruod
737 2231 907 2332 scriptum
931 2246 968 2306 et
994 2231 1089 2307 nuci
1120 2229 1248 2331 Spalan

147 2375 235 2449 tensi
253 2369 432 2467 Hervojae
448 2371 593 2449 Boanae
608 2346 790 2449 surosni
804 2371 976 2463 dicatum,
999 2374 1092 2449 Acta
1107 2385 1142 2444 et
1159 2372 1250 2471 Epa»

149 2515 256 2589 stolas
288 2514 552 2602 continentem,
585 2509 804 2590 Pacciolatus
832 2510 1025 2588 Benedicta
1055 2511 1128 2585 PP.
1160 2511 1250 2585 xlv

150 2653 285 2728 obtulit.
338 2650 458 2725 Alium
483 2648 597 2752 graeci
617 2649 704 2723 ritus
732 2648 916 2748 antiquum
941 2652 1099 2727 codicem
1123 2652 1160 2724 in
1185 2676 1252 2753 pe·

150 2796 266 2870 culiari
279 2792 488 2865 bibliotheca
509 2788 667 2888 ejusdem
682 2791 864 2865 Pantilie'u
888 2808 1081 2881 extantem,
1097 2792 1157 2890 qui
1172 2793 1265 2885 No·,

152 2961 235 3009 rum
251 2937 523 3007 Testamentum
540 2955 624 3003 cum
640 2929 811 3004 Psalterio
835 2931 1053 3022 continebat,
1079 2935 1253 3007 examina-

152 3089 231 3149 runt
258 3072 476 3147 Caramanus
496 3085 531 3144 et
547 3068 749 3147 Matthaeus
765 3071 910 3146 saviola.
950 3071 1021 3147 Hic
1035 3097 1118 3145 eum
1144 3071 1257 3147 eisda-

98 3258 101 3269 ·
155 3215 348 3288 nubiauum
366 3214 404 3308 (i.
415 3209 654 3308 eserbicum)
670 3209 833 3313 appellat,
850 3207 1015 3308 additque
1033 3238 1073 3285 se
1086 3237 1168 3285 eum
1180 3237 1252 3285 non

154 3352 240 3424 satis
269 3346 459 3425 commode
495 3351 731 3441 examinasse,
758 3351 969 3428 etidcirco
997 3367 1146 3425 aetatem
1172 3351 1250 3447 ejus

156 3505 310 3564 statuere
330 3514 403 3562 non
427 3492 598 3588 potuisse.
1147 3572 1151 3579 ,

257 3625 401 3701 Praeter
419 3628 510 3705 duos
531 3631 575 3705 ab
591 3632 791 3707 Assemano
809 3631 1006 3733 descriptos
1023 3618 1136 3706 Codd.
1165 3631 1255 3705 vati·

159 3792 266 3842 canos
290 3771 432 3843 tertium
458 3756 720 3847 Caramantesin
738 3770 916 3872 Apologia
939 3771 1258 3870 (considerationi)

158 3909 245 4008 Cap.
282 3910 520 3986 cxxxvssl.
552 3913 745 3985 nominavit
770 3927 806 3986 et
829 3913 1042 3989 examinavit.
1094 3911 1260 3986 Continet

157 4045 386 4137 psalterium,
409 4051 531 4125 decena
562 4050 722 4141 Cantica,
756 4053 920 4128 Canoncs
939 4068 974 4126 et
1001 4048 1176 4127 Officium
1214 4052 1259 4127 B.

159 4190 312 4289 Virginis
339 4190 408 4260 ritu
426 4215 562 4289 gracco.
589 4192 799 4268 Charactere
819 4211 891 4267 tarn
906 4194 1040 4267 minuto
1060 4206 1095 4265 et
1114 4192 1261 4290 antiquo

160 4349 337 4407 exaratum
359 4330 438 4402 dicit
459 4331 694 4421 Caramauus,
723 4349 760 4404 ut
777 4332 868 4407 lorte
887 4360 960 4406 non
985 4333 1176 4431 reperiatur
1202 4357 1261 4404 co·
1345 4386 1352 4413 .

157 4468 242 4557 det,
278 4472 338 4567 qui
373 4472 504 4545 similos
532 4473 707 4547 literarum
740 4473 870 4583 liguros
910 4472 1045 4547 habeat.
1098 4472 1173 4542 llas
1203 4467 1260 4542 illa

159 4611 192 4683 in
239 4612 417 4712 Apologia
447 4611 581 4689 calamo
627 4613 827 4690 ellormatas
864 4614 1011 4693 exhibet.
1047 4615 1089 4686 Ι).
1124 4610 1261 4687 Miclr.
1320 4623 1327 4691 ἶ

1135 4750 1221 4831 B'o-
1244 4772 1259 4795 ··
