2766 5256
63 994 240 1067 donarem.
292 992 377 1086 Qua
402 1013 470 1091 ego
490 986 643 1090 perlecta
675 984 797 1061 utilius
829 980 907 1059 sono
937 983 1107 1082 judicari,
1133 989 1164 1062 ai

1072 793 1161 869 LXI

60 1161 137 1210 ram
154 1136 190 1210 in
215 1131 541 1233 compendiosiores
565 1128 735 1202 terminos
764 1141 799 1200 et
820 1106 1001 1203 clariorem
1026 1107 1166 1211 mothoq

61 1277 143 1350 dum
173 1274 376 1377 redigerem,
404 1265 516 1367 Quod
529 1269 645 1344 ‘otiam
661 1267 847 1343 auxitiante
870 1267 965 1342 hono
985 1270 1065 1343 Deo
1085 1269 1168 1344 bra-

62 1417 94 1488 vi
117 1413 285 1516 praestiti.
304 1409 546 1487 Hortabantur
571 1424 606 1485 et
632 1408 802 1510 rogabant
821 1406 947 1482 deindo
971 1435 1166 1485 omueser·
1284 1474 1287 1480 .

60 1555 140 1643 tori,
166 1568 207 1627 ut
224 1552 330 1625 etiam
354 1577 421 1651 pro
449 1575 574 1627 uorum
605 1576 679 1658 usu
712 1549 844 1650 publici
873 1547 959 1647 juris
993 1551 1163 1642 saeorum,

63 1692 156 1794 quod
183 1692 328 1791 quidem
358 1691 504 1803 libenter
538 1691 790 1793 praestitisorn',
815 1691 854 1764 oi
881 1689 1005 1764 alicubi
1041 1660 1167 1796 typum

62 1831 269 1913 liutherum
295 1856 377 1905 cum
401 1832 541 1906 Latino.
564 1831 718 1933 reperire
741 1831 948 1932 potuissem.
1000 1834 1170 1910 Occurrit

60 1999 171 2063 nunu,
189 1989 230 2048 ut
247 1971 372 2047 saltem
391 1972 633 2075 Alphabetum
659 1988 696 2045 et
720 1972 901 2071 quaedam.
921 1997 965 2046 oo
990 1974 1168 2073 pertinem-
1306 1938 1309 1943 .

63 2113 106 2187 tia
130 2109 247 2211 sculpi
267 2135 449 2204 curarem,
474 2113 598 2188 usibus
609 2112 749 2187 illorum
774 2114 964 2203 sortitura,
993 2114 1058 2212 qui¹
1079 2113 1166 2189 olim

65 2276 127 2326 seu
151 2251 187 2324 in
207 2253 338 2352 Magna
366 2251 517 2339 nussia,
544 2250 735 2340 Cirrasaia,
760 2242 971 2347 Walaehia,
991 2258 1168 2346 muser-

62 2394 141 2481 vias
169 2391 382 2480 sclavonia,
402 2389 603 2493 Balgatia,
637 2391 772 2466 Bosnia
815 2397 953 2491 prosto
978 2392 1165 2468 christiana

64 2551 142 2608 sont
169 2532 375 2619 laboraturi,
411 2545 471 2604 aut
486 2508 588 2605 inter
610 2546 735 2630 genter
766 2527 848 2603 idias·
870 2531 1060 2620 versaturi,
1086 2557 1169 2606 cum

65 2674 204 2775 liuguae
234 2672 340 2769 hujus
364 2670 603 2770 impletisque
634 2669 701 2743 iltis
727 2669 945 2771 regionibus,
971 2672 1096 2745 sditem
1132 2674 1168 2747 iu

62 2812 188 2889 officiis
229 2811 496 2898 ecclesiasticis,
522 2825 559 2883 et
584 2807 681 2882 tibris
711 2812 754 2884 sit
772 2835 870 2884 usus.
920 2812 996 2886 Has
1022 2812 1167 2887 tabellas

63 2955 144 3030 mihi
163 2953 325 3055 proprias
346 2951 529 3040 vendico,.
540 2970 629 3049 quas
643 2975 776 3051 magno
795 2948 917 3024 labore
934 2951 1167 3042 eonseceram,

65 3097 127 3169 etsi
153 3092 424 3173 fundamentum
454 3091 596 3189 aliquod
624 3116 666 3164 ex
698 3089 788 3163 dicta
824 3091 901 3164 suaa
930 3092 1169 3167 Grammati'ca

63 3235 337 3334 desumpserim,
364 3230 428 3303 sed
444 3210 796 3320 vator-mendosum,
822 3232 1014 3307 confusum
1035 3248 1171 3333 otpeuu

66 3377 145 3451 usui
171 3374 258 3448 nulli
287 3387 443 3470 aptum«.
469 3370 568 3443 Haeo
595 3369 663 3443 itte.

167 3518 226 3589 An
245 3530 279 3587 et
306 3512 433 3611 quibua
457 3510 564 3585 robur
590 3507 725 3585 differat
752 3510 857 3585 editio
879 3531 973 3608 t719
992 3511 1027 3585 in
1047 3513 1078 3588 8.
1093 3539 1167 3586 uon

63 3681 214 3758 pomum
235 3653 366 3743 dicore,
393 3678 474 3727 cum
500 3677 578 3727 eam
596 3678 678 3726 cum
701 3652 819 3752 priore
844 3650 1003 3727 conferre
1022 3680 1094 3728 nou
1128 3655 1170 3728 li·

65 3799 190 3872 cuerit.

166 3931 429 4032 Compendium
456 3956 498 4005 ex
529 3930 585 4004 itta
605 3956 670 4030 pro
691 3956 760 4005 usu
794 3894 995 4008 scholarum
1022 3935 1173 4010 coniecit

64 4075 210 4154 scholar
222 4071 1006 4178 Novogradonsisdiscipulus,hypodiaoonur
1025 4073 1121 4147 Tho
1133 4100 1175 4147 o·

65 4214 209 4289 dorus
236 4213 493 4300 Maximov,
527 4212 635 4309 idque
669 4211 848 4311 Petropoii
884 4213 922 4286 iu
953 4215 1169 4288 monasterio

63 4354 251 4428 Aturaodri
291 4353 465 4427 Novensis
506 4358 600 4447 1723
637 4350 671 4422 iu
698 4349 892 4451 8.imprimi
920 4350 1012 4428 serit.
1061 4353 1169 4453 Apud

64 4498 229 4569 Alterum
254 4497 298 4568 N.
312 4498 354 4566 V.
366 4495 514 4568 Constat
527 4494 764 4565 Grammatico
778 4520 869 4595 pag.
882 4505 963 4594 ω
990 4492 1167 4569 Praefatio

63 4658 88 4721 a
121 4652 153 4709 ct
182 4635 290 4711 ludex
318 4634 597 4736 alphabeticusd
624 4632 726 4710 soliis.

1052 4772 1124 4848 tte·
