2766 5256
1063 427 1067 434 ι
1303 421 1311 433 ἱ

245 724 291 797 32
342 717 429 816 Gap.
454 715 480 789 1.
506 713 536 813 5.
562 706 693 792 XXVI.
707 703 979 816 .91tirographia
1004 670 1222 790 dorsonant.

194 890 198 923 ⁵
241 912 418 1002 buzheia,
439 924 507 987 aut
521 895 769 1013 transpositis
777 909 896 1009 literis
918 924 1029 989 retu
1041 913 1232 989 :zhebela
1254 910 1332 990 Bo·

237 1051 348 1128 hemi
369 1062 576 1125 mutarunt
601 1076 622 1127 s
646 1052 686 1125 in
713 1078 754 1128 a:
781 1037 923 1143 wida,
945 1051 971 1125 i.
1002 1076 1033 1128 e.
1054 1039 1168 1151 naua.
1214 1047 1330 1130 Serbi

240 1190 389 1272 omisso
409 1217 431 1264 n
458 1191 723 1289 pronunciant
748 1217 846 1282 uma,
872 1191 934 1268 alii
951 1205 1083 1270 tamen
1094 1192 1210 1291 tttyrii
1229 1219 1330 1272 ore·

238 1330 391 1406 tinuere
412 1343 451 1405 et
483 1354 591 1405 nutas
625 1328 782 1439 dicunt,
813 1329 872 1406 uti
916 1341 955 1405 et
980 1327 1106 1407 Russi.
1139 1328 1327 1411 Polonin

241 1470 402 1574 quidem
422 1481 594 1558 servant,
621 1469 691 1545 scd
713 1499 732 1547 a
757 1483 965 1546 mutarunt
978 1471 1018 1545 in
1034 1495 1139 1561 saca,
1155 1485 1195 1547 et
1212 1496 1336 1548 more

240 1633 318 1699 suo,
333 1609 510 1690 vocalem
537 1606 607 1683 ein
630 1611 889 1711 otpszczoia,
905 1586 971 1688 ie.
997 1617 1144 1722 nutent,
1166 1636 1329 1688 ntusona.

336 1801 371 1864 2.
395 1785 516 1865 Prot
541 1802 699 1889 graecu,
727 1789 886 1917 quando
912 1790 1009 1866 utin
1043 1802 1178 1880 sonat,
1212 1772 1334 1868 scribi

239 1926 517 2030 frequenter-a
542 1925 620 2026 jam
651 1927 911 2025 monuimus:
937 1931 1059 2032 gasts
1094 1955 1169 2032 pro
1196 1930 1329 2034 genta.

234 2060 600 2144 ¹I’robandauamen
629 2064 838 2145 Editorum
869 2091 962 2163 cura
988 2071 1029 2145 in
1053 2072 1127 2149 rite
1160 2070 1332 2149 scriben-
1361 2060 1366 2069 ’

239 2210 300 2286 dis
324 2208 551 2288 nominibus
579 2208 772 2310 propriis,
788 2231 889 2310 quae
907 2236 931 2286 ν
947 2211 1158 2312 postulant

338 2392 370 2468 3.
397 2392 496 2468 dira
522 2386 693 2464 editores
711 2383 949 2481 bibliorum,
979 2391 1224 2470 Graecorum
1246 2418 1339 2473 mm

243 2558 331 2611 rem
360 2530 493 2620 secuti,
520 2527 708 2617 scribunt,
735 2519 912 2630 quamdis
937 2534 1050 2640 angel
1070 2534 1340 2636 pronuncian-

240 2671 338 2746 dum
355 2670 412 2743 sit.
464 2660 630 2741 Codices
651 2680 785 2753 autem
811 2669 961 2773 antiqui
989 2672 1108 2747 ctiam
1138 2698 1249 2749 aucta
1266 2697 1353 2799 ‘ex-⁹

46 2864 56 2879 ·
170 2834 205 2859 “-
238 2811 385 2887 hibent.

338 2996 372 3061 a,
399 3010 532 3064 reniso
556 3008 633 3085 pro
659 2992 794 3075 ranno,
820 2985 862 3061 id
888 3000 948 3066 est
973 3017 1010 3067 ut
1035 3015 1110 3091 pro
1136 3010 1177 3084 n,
1203 2995 1246 3073 in
1261 3018 1337 3075 eo·

241 3132 391 3208 dicibus
420 3123 588 3201 Serbicis
619 3124 787 3204 subinde
811 3126 927 3204 scribi
959 3154 1041 3206 non
1077 3147 1137 3209 est
1164 3136 1339 3236 proban·

240 3273 358 3357 dum,
385 3289 477 3342 cum
502 3290 621 3341 renen
647 3288 719 3342 seu
744 3291 872 3345 onnes
892 3274 1182 3374 grauiasonum
1198 3272 1336 3354 literae
1358 3316 1361 3321 ·

241 3437 272 3486 εκ
298 3408 398 3486 clare
414 3405 671 3482 demonstret.

336 3568 369 3649 5.
394 3588 420 3641 s
444 3561 598 3638 literam
622 3561 866 3673 superfluam
893 3573 1047 3649 censuit
1072 3536 1336 3653 Smotriskius
1365 3565 1368 3572 ’

239 3706 381 3796 etalii,
408 3727 499 3780 cum
532 3700 614 3800 ejus
649 3704 752 3780 vices
786 3731 834 3810 3,
867 3702 977 3809 quod
1003 3699 1344 3811 pronunciatione-

236 3870 320 3922 non
341 3839 491 3930 differt,
518 3841 703 3943 supplere
721 3842 869 3947 ubique
895 3850 1031 3948 possit.
1081 3850 1169 3928 Mos
1198 3865 1337 3932 tamen

214 3983 430 4072 obtinuit,
455 3995 501 4057 ut
528 3983 569 4056 in
594 3981 795 4059 codicibus
837 3964 1114 4091 manuscriptis
1146 3998 1186 4070 et
1213 3980 1337 4073 'editis

232 4121 489 4228 quarundam
509 4144 656 4198 vocum
681 4120 786 4197 initia
797 4123 930 4222 potius
948 4150 974 4203 s
999 4143 1185 4232 occupet,
1212 4116 1337 4235 quam

235 4290 274 4368 3.
324 4259 438 4339 'l'ales
472 4274 582 4339 sunt:
608 4242 923 4365 sndgna'stella,
948 4267 1077 4379 sodon
1112 4268 1212 4359 sera,
1237 4254 1336 4352 sinit

237 4403 342 4513 olus.
378 4428 451 4479 sno
488 4399 639 4476 malum
676 4415 716 4476 et
750 4403 967 4503 composita
1013 4431 1059 4482 ex
1098 4434 1189 4498 sno,
1231 4411 1334 4490 subi

95 4600 107 4618 .
239 4554 307 4617 aut
323 4553 433 4646 'suin
458 4528 642 4647 serpens,
671 4565 765 4621 snas
789 4540 931 4636 herba,
969 4545 1135 4658 abstula
1164 4545 1334 4646 pupilia,

1164 4683 1281 4762 sbstu
