2766 5256
245 1146 1007 1294 Introductis

509 1406 515 1418 '
572 1404 621 1459 in

84 1557 515 1649 Institutiones
551 1557 793 1675 linguae
832 1563 1110 1656 stavicaffl

409 1884 413 1889 '
487 1854 650 1969 'C'ap'ut
673 1873 709 1944 1..

57 2008 109 2081 De
128 2006 303 2081 literarum
323 1996 536 2082 Slavicannu
556 2006 682 2111 ligura,
696 2010 1005 2111 pronunciatione,
1023 2008 1150 2103 valoi'e‘

10 2144 25 2229 l
287 2149 485 2237 numerica,
512 2149 699 2239 divisione,
735 2148 908 2225 alliaritatc.

505 2393 511 2405 .
549 2332 581 2431 §-
605 2331 633 2406 l.

60 2434 164 2571 soni
191 2494 344 2594 linguae
371 2490 540 2572 Slavicae
560 2521 694 2573 omnes
718 2512 757 2573 et
777 2495 917 2597 singuli
937 2518 1068 2599 neque
1093 2498 1149 2573 la·-·

60 2636 160 2723 tinis,
199 2659 329 2735 neque
365 2634 512 2735 graecis
542 2636 829 2731 characteribus
858 2635 1020 2735 exprimi
1051 2660 1144 2737 pos·

60 2786 153 2845 sunt.
180 2768 277 2846 Hinc
298 2772 495 2871 ingeniosa
519 2772 745 2850 inventione
772 2798 873 2875 opus
893 2770 966 2855 fuit
985 2772 1033 2847 ad
1052 2798 1146 2849 con·

60 2910 299 2985 stitnendurn
343 2912 596 3011 alphabetum
650 2914 835 2991 omnibus
867 2912 1043 2989 numeris
1081 2914 1149 2987 ab:

60 3050 239 3122 sulatum.
291 3044 438 3125 Auctor
454 3050 553 3126 illius
566 3048 846 3127 Constantinus
859 3048 1144 3153 Philosophus,

59 3189 145 3263 alias
168 3184 334 3287 Cyrillus
353 3190 497 3279 dictus,
524 3188 709 3264 atetnonii
728 3188 949 3267 Pannoniae
971 3190 1146 3267 etlllora·

58 3331 135 3405 viae.
162 3326 455 3431 ,lrclriepiscnpi
487 3328 626 3416 frater,
659 3326 780 3405 Slavis
809 3330 985 3431 primunr
1008 3326 1145 3429 llnlga·

57 3472 152 3557 riae,
179 3468 320 3544 ‹leinrle
358 3467 549 3543 lloraviae
575 3468 739 3543 (laturus
761 3466 1016 3575 Evangelium
1034 3468 1146 3542 alins·

58 3636 131 3713 que
143 3608 264 3683 libros
280 3608 491 3707 liturgicus,
502 3609 578 3683 laoc
588 3608 749 3683 consiliu
767 3632 863 3681 usus
882 3618 961 3693 est,
984 3619 1145 3705 utgrae·

57 3775 121 3822 eus
147 3748 391 3823 characteres
416 3743 662 3821 fundamenti
676 3745 764 3820 luco
776 3746 1065 3833 substerneret,
1083 3770 1146 3817 sa·

58 3912 199 3961 nnrunr
226 3912 246 3961 a
273 3886 420 3987 graecis
441 3884 660 3961 alienorum
690 3886 797 3987 signa
824 3912 867 3962 rx
885 3888 1047 3962 aliarum
1079 3908 1146 3957 na·

58 4028 228 4113 tinrnnn,
254 4020 521 4099 Armenorurn
546 4024 722 4101 videlicet
752 4038 790 4101 et
819 4019 1059 4125 Coptorum,
1094 4023 1146 4097 al·

58 4165 232 4265 plantetis
247 4177 493 4239 nnrtnaretur
503 4223 512 4253 ,
522 4164 759 4264 reliquisque
769 4134 1043 4265 adaptaretur,
1054 4164 1146 4237 nais·

58 4306 107 4377 sis·
125 4304 352 4377 numinibus
370 4303 569 4377 literarum
582 4302 726 4404 graecis
742 4328 812 4377 sen
831 4298 1145 4403 pltoe·raiciis,Sla·

60 4446 159 4517 tii-:rs
186 4442 465 4544 appellationes
490 4441 760 4521 substitueret,
786 4467 860 4539 pro
877 4439 998 4543 illplra
1023 4466 1146 4515 enun-

59 4583 195 4657 tiando
223 4591 303 4669 Ar,
327 4606 403 4682 pro
430 4581 513 4653 Bita
542 4604 611 4654 sen
642 4578 722 4653 tna
751 4582 882 4680 Vjedi,
910 4581 1145 4681 interposito

642 4713 675 4790 l
983 4756 988 4771 ·
1044 4732 1101 4797 ta·
