2766 5256
142 704 240 780 xlv.
283 756 287 761 .
368 716 395 790 '.

30 962 36 977 .
136 896 421 978 nott-onam
447 897 649 974 Ciuouieus
674 893 851 972 Viluensis
878 901 997 1001 graeei·
1021 903 1128 991 ritus,
1161 928 1244 979 cum

139 1042 309 1118 Codicum
328 1040 422 1117 huuc
436 1059 550 1138 nuper
567 1036 707 1112 Reman
737 1038 966 1138 inspexisset,
995 1064 1076 1114 eum
1102 1043 1139 1114 in
1167 1042 1245 1118 lita·

137 1182 186 1256 ris
208 1183 253 1256 ad
267 1181 321 1254 D.
348 1176 496 1279 Kopilar
510 1176 569 1252 lris
596 1179 713 1253 verbis
739 1177 936 1279 descripsit:
964 1180 1113 1280 »Repeti
1140 1182 1246 1256 etiam

140 1323 311 1397 Codicum
349 1320 663 1403 membranaceum
704 1321 740 1393 in
780 1320 836 1396 16.
875 1321 1000 1397 vnitide
1045 1336 1247 1410 exaratum,

138 1462 376 1535 continentem
400 1456 611 1536 Psalter'ium
636 1474 671 1557 et
696 1459 1119 1563 hymnumacathisticum
1144 1472 1249 1555 (asa-

137 1610 252 1690 rei'rc)
282 1598 473 1676 slavonica
498 1590 643 1698 lpuidem
669 1598 886 1701 linguu,-sed
910 1601 1112 1677 charactere
1133 1602 1248 1702 scrip-

49 1750 58 1766 '
139 1738 432 1819 tnm.mirrl1niu
449 1736 597 1815 medum
622 1733 1107 1837 reformatn'enyrilliano,
1134 1768 1248 1841 quum

140 1851 330 1981 iliplrabeti
354 1879 471 1953 literas
505 1879 562 1952 vix
594 1904 667 1952 nou
696 1892 821 1952 omnes
846 1896 999 1956 mutatas
1035 1900 1094 1957 aut
1126 1885 1247 1982 potius

143 2021 318 2096 mutilatas
345 2018 520 2107 exhibeat,
545 2010 705 2094 videlicet
721 2011 789 2119 pre
808 2010 997 2125 Cyrilliano
1029 2022 1251 2098 ascribendo

143 2176 207 2237 etc.
228 2159 591 2260 (Litcrammligurae
602 2177 686 2266 typo
703 2160 1109 2261 exprimiueupossuut)
1124 2164 1192 2252 ita,
1209 2176 1251 2237 ut

142 2302 313 2401 scriptor,
339 2301 499 2400 quisquis
513 2301 572 2375 ille
596 2301 720 2393 fuerit,
747 2300 1248 2407 artemtacliygraphicamsrn-

59 2472 68 2505 t
144 2450 227 2542 gere
255 2440 442 2517 videatur.'
472 2408 600 2516 (lodex
617 2445 769 2544 p'crtiuet
794 2444 838 2518 ad
850 2443 1098 2519 recensionem
1121 2443 1249 2516 Danu·

144 2581 301 2671 bimam,
328 2583 450 2656 aetatis
467 2585 703 2684 posterioris».
758 2571 811 2639 Ῑ·“’
874 2562 884 2607 ”
979 2562 987 2579 ’
1289 2556 1293 2565 ¹

247 2723 456 2825 cyrillicum
470 2718 695 2798 Bomeusem
712 2712 865 2823 paruum
883 2723 1042 2798 codicem
1072 2724 1185 2822 graeci
1202 2724 1250 2797 ri·

131 2870 204 2935 'tus
229 2860 324 2960 apud
346 2887 385 2935 se
395 2862 576 2937 exstitisse
592 2859 718 2937 Matth.
744 2860 1007 2938 Soviclrrelert.
1059 2860 1253 2961 Complec-

143 3002 320 3077 tebaturis
344 2998 617 3102 Apnmlppsim‚
643 3000 725 3074 eiam
749 3000 847 3073 initio
872 2998 1055 3098 Evangelii
1084 3003 1122 3077 S.
1140 3002 1253 3076 Joan-

143 3141 208 3215 uis.
260 3104 407 3239 Scripsit
432 3122 514 3214 eum
528 3138 697 3216 Radosav
706 3132 929 3215 Christianus
942 3139 1114 3215 Goasavo
1143 3140 1248 3215 Chri-

145 3280 258 3353 stiano
274 3277 398 3352 dicbus
423 3281 515 3380 regis
541 3280 695 3357 Turnum
724 3297 758 3355 et
783 3268 839 3355 ari
855 3279 1038 3357 Ratlro.1u
1063 3297 1249 3388 postremo

147 3418 232 3492 lolio
264 3444 387 3493 versus
426 3427 481 3494 13.
509 3444 582 3519 cap.
617 3441 649 3496 a.
676 3423 775 3521 epist.
802 3421 845 3495 ad
886 3421 1011 3495 Titum
1050 3418 1250 3521 glagnlitico

148 3560 347 3634 charactere
364 3558 428 3635 scd
449 3582 530 3637 nort·
546 3542 650 3635 obvio
672 3560 887 3664 perscriptus
903 3541 985 3635 erat.

235 3696 428 3799 Evangelia
445 3698 756 3802 slavonicalingua
782 3714 919 3775 exarata
943 3696 1107 3799 religiose
1122 3697 1248 3774 Remis

150 3854 285 3911 servata
295 3894 306 3928 ,
317 3864 410 3938 quae
427 3865 529 3944 reges
556 3842 692 3916 Galliae
713 3840 904 3917 coronandi
921 3838 1131 3939 praestando
1142 3835 1252 3934 jusjuss

148 3977 299 4055 randum
332 3992 476 4080 tangere
490 3979 678 4072 solebant,
705 3981 803 4056 lucer
823 3979 1132 4066 tumultuantium,
1158 3975 1253 4076 proh

151 4116 271 4191 dolor!
295 4120 365 4221 igni
391 4120 538 4196 tradidit.

249 4262 409 4337 Venetiia
441 4262 481 4335 iu·
506 4259 714 4336 bibliotheca
744 4263 782 4336 S.
810 4261 925 4337 Marci
959 4274 1038 4333 aute
1067 4281 1177 4331 annos
1205 4258 1254 4331 26

154 4402 346 4477 examinavi
367 4364 526 4478 codicem
544 4402 640 4477 Novi
657 4399 877 4475 Testamenti
900 4399 1104 4485 Serbicum,
1140 4422 1253 4471 mem·

153 4537 321 4617 bruneum
336 4543 373 4616 in
389 4543 463 4645 svo,
484 4542 578 4643 apud
593 4540 983 4620 cristallinum.
1004 4539 1073 4615 llic
1093 4538 1253 4639 quamvis

1169 4706 1205 4751 ur
