2766 5256
208 702 212 711 ’
248 729 294 798 12
319 719 404 818 Cap.
431 719 457 793 1.
470 717 499 816 5.
525 682 888 792 txj'observar'tono
914 715 949 788 in
974 707 1281 814 orthographiam.

340 918 371 1014 5.
397 910 458 987 IX.
485 905 819 1014 orthographiam
829 908 939 1014 quod
954 908 1107 997 attinet,
1131 907 1246 1011 plura
1265 909 1360 988 oba-

239 1054 434 1132 *servanda
454 1053 623 1157 veniunt.
651 1050 830 1128 Primum
848 1047 946 1127 circa
964 1047 1139 1124 vocales:

346 1207 375 1272 1.
400 1223 420 1271 a
446 1193 617 1269 solidum
632 1188 1005 1293 paucasadmodum
1023 1187 1330 1290 voceslinchoat:

244 1360 265 1410 a
290 1326 379 1423 sed,
404 1343 476 1410 asle
500 1355 609 1418 mox,
643 1356 718 1439 arpa
738 1327 789 1416 si,
812 1353 897 1403 arton
915 1314 1024 1405 sicut
1040 1325 1127 1403 ‘Pr‘o
1153 1355 1201 1433 ⁸3
1217 1330 1259 1404 in
1279 1328 1332 1405 di-

245 1473 376 1549 alectis
387 1472 466 1549 aliis
477 1472 572 1547 olim
590 1494 647 1572 '³¹3
661 1468 700 1543 in
724 1492 803 1542 usu
817 1479 910 1556 erat,
930 1467 1037 1553 unde
1049 1450 1331 1545 hodiernumra

242 1611 387 1709 rejecto
404 1611 593 1688 nimirum
610 1634 647 1711 3.
674 1602 839 1708 Supplet
864 1605 1244 1710 quandoquearices
1263 1631 1332 1684 vo·

141 1820 143 1824 ⁴
243 1752 333 1827 colis
351 1750 519 1853 liquidae
541 1744 590 1839 io,
614 1762 659 1824 ut
676 1749 716 1823 in
731 1771 806 1823 asso
824 1768 899 1845 pro
916 1771 1002 1820 uno
1022 1738 1134 1849 quos·
1158 1744 1253 1821 Post
1279 1772 1332 1836 rs,
1355 1728 1359 1734 ⁵

245 1916 302 1990 or,
338 1917 356 1965 r
392 1889 487 1969 olim
517 1900 543 1964 a
579 1885 837 1974 scribebatur,
870 1908 976 1960 nunc
1008 1882 1088 1963 fere
1113 1883 1263 1987 ubique
1291 1909 1336 1969 ar,

246 2023 633 2126 rouornaiuvenispro
660 2051 817 2111 sosoma,
844 2024 1011 2099 rathora
1032 2047 1107 2125 pro
1119 2049 1194 2111 aar,
1221 2050 1335 2133 orpe-

245 2191 294 2238 ss
342 2187 442 2262 puer
475 2188 549 2263 pro
588 2190 750 2275 orpora3
792 2135 937 2237 immo
960 2175 999 2238 et
1042 2144 1134 2269 post
1168 2191 1212 2272 q:
1237 2163 1333 2275 etis,

137 2387 142 2410 ι
243 2327 381 2410 tppqs,
408 2329 531 2410 naqa,
566 2313 641 2405 pto
667 2304 755 2413 espa,
779 2290 908 2411 tpp'qa,
935 2328 1043 2411 ans.
1062 2300 1223 2378 Librarii
1243 2299 1335 2380 Ser-

239 2441 318 2516 bici
344 2440 445 2518 male
467 2467 522 2517 ota
545 2441 696 2529 omnia,
722 2465 804 2518 stas
831 2440 1011 2545 quilibet,
1035 2466 1110 2544 pro
1130 2454 1343 2545 nutasse,

241 2580 339 2664 item
360 2606 424 2658 issa
451 2604 567 2686 quae,
593 2604 667 2682 pro
690 2592 766 2656 saio
793 2605 864 2657 seu
890 2606 960 2659 saa
986 2579 1186 2682 scripsere,

343 2760 398 2856 (b)
424 2759 561 2859 Signari
577 2761 690 2835 solent
703 2760 948 2847 nonsolums,
974 2757 1333 2857 sedetreliquaeVo-
1372 2776 1374 2781 '

240 2857 332 2931 calos
353 2881 476 2928 omnes
493 2857 588 2928 initio
611 2884 739 2931 vocum
759 2859 809 2953 (in
839 2858 989 2954 antiquis
1020 2856 1196 2931 codicibus
1227 2858 1333 2941 etiarn

240 2956 338 3026 initio
358 2952 584 3055 syllabarum)
615 2954 700 3054 sigla
730 2981 836 3053 quam
868 2977 1045 3042 reusam,
1072 2953 1107 3026 id
1136 2970 1189 3029 est
1216 2955 1332 3051 tristi,

241 3050 433 3151 appellant,
460 3076 619 3149 quaeque
655 3054 871 3127 Graecorum
890 3052 1025 3151 spiritui
1037 3051 1104 3125 leni
1120 3051 1332 3150 respondet:

241 3143 278 3234 a',
306 3142 352 3235 si,
379 3141 410 3220 oi
437 3163 500 3220 etr.
528 3150 568 3220 ln
588 3150 710 3223 Bibliis
729 3166 930 3255 stereotypo
949 3151 992 3224 Α.
1023 3148 1116 3228 1816
1150 3148 1334 3250 Petropoli
1368 3202 1371 3211 ·

239 3244 420 3345 impressis
452 3245 592 3346 signum
611 3248 722 3324 hocce
748 3249 897 3323 editores
924 3248 1046 3336 Russi,
1073 3248 1333 3349 Orthograplri·

240 3371 305 3417 arn.
332 3341 465 3417 dialecti
497 3371 582 3417 suae
611 3347 743 3434 secuti,
779 3348 917 3447 penitus
954 3346 1202 3448 neglexerunt,
1237 3351 1331 3444 quos

239 3444 381 3540 utique,
408 3467 489 3517 cnm
504 3469 633 3517 vocum
641 3470 813 3519 nuncase
832 3445 1020 3518 divisarum
1028 3444 1120 3525 initia
1145 3442 1331 3520 etiamsine

239 3541 340 3643 signo
361 3539 460 3627 facile
493 3540 648 3641 dignosci
667 3542 823 3642 possint,
845 3542 931 3617 mibi
940 3567 1083 3649 quoque
1095 3541 1193 3640 sequi
1207 3539 1330 3617 licebit

269 3729 273 3741 Ι
340 3640 391 3734 (c)
418 3639 587 3737 Spiritum
608 3664 771 3740 asperum
786 3636 1331 3739 (ebroaceidestdeosrclplane

240 3761 311 3808 non
333 3751 461 3810 norunt
480 3736 593 3825 Slari,
612 3765 676 3813 noc
696 3739 729 3812 in
748 3739 831 3839 ipsis
851 3738 995 3812 vocibus
1019 3763 1104 3836 quas
1129 3734 1254 3812 Graeci
1271 3738 1331 3813 ad·

240 3835 388 3930 spirant:
423 3859 544 3933 apseu
571 3830 815 3937 ipinsernus,
831 3828 920 3929 itote
957 3836 1184 3910 Recentiores
1213 3850 1329 3917 tornea

241 3931 381 4027 quidam
395 3989 403 4014 ,
415 3929 757 4029 praeerrnteblelotio
776 3934 1110 4020 Smotrisli,saltom
1139 3934 1329 4009 roeesabo‘

133 4044 137 4051 ’
234 4029 443 4128 incipientes
464 4054 589 4129 aspero
611 4034 781 4108 notandos
799 4056 985 4108 censuere:
1011 4029 1157 4108 inaneis
1181 4046 1245 4106 ete

338 4233 370 4296 2.
397 4247 430 4296 ω
456 4234 495 4311 et
519 4250 540 4299 o
566 4252 648 4304 non
666 4218 855 4304 disserunt
878 4252 997 4319 sono,
1015 4227 1088 4320 sed¹
1109 4250 1186 4304 usu
1209 4226 1328 4303 vario.

242 4389 274 4436 ω
318 4361 500 4439 scribitur
542 4368 581 4464 a)
623 4364 663 4442 in
701 4366 862 4443 vocibus
907 4362 1152 4467 peregrinis:
1179 4376 1328 4455 lasus,

240 4507 387 4598 Ιωτωψ,
413 4503 455 4591 in
482 4504 624 4606 quibus
652 4501 788 4581 Graeci
813 4532 838 4578 ω
869 4519 1073 4609 usurpant.
1122 4504 1167 4581 ln
1191 4506 1328 4581 nimbo

1194 4668 1290 4722 nna·
