2766 5256
969 413 979 438 Ι

145 624 232 699 utv

150 820 307 919 giensem
338 818 561 894 immutatum
594 817 882 921 (saugonnae)
918 817 1159 917 exprimerent.
1202 823 1246 894 ln

147 958 315 1048 Psalmis,
326 959 472 1057 (quibus
485 973 520 1031 et
530 957 712 1031 Athanasii
723 957 868 1056 epistola
880 957 923 1030 ad
948 957 1192 1071 Magcellinum
1207 964 1250 1035 de

152 1090 436 1198 intemretatione
452 1096 675 1172 Psalmorum
685 1098 843 1196 praelixa
862 1114 933 1186 est,
952 1122 1043 1194 quae
1059 1101 1255 1175 in--Ostro-

123 1277 126 1286 ·
154 1238 264 1338 giensi
299 1239 434 1337 abest),
459 1240 628 1313 vocabula
641 1239 704 1313 alia
731 1241 766 1311 in
786 1241 995 1338 Musquensi
1015 1238 1098 1341 legi,
1124 1265 1157 1339 p.
1180 1241 1247 1334 ¹87

83 1384 86 1391 “
147 1377 280 1450 monui.
331 1380 372 1450 ln
395 1378 449 1480 lais
477 1380 569 1452 enim
592 1380 802 1454 excudendis
821 1406 893 1452 non
915 1374 1246 1478 Ostrogiense,sed

148 1516 241 1590 aliud
268 1517 442 1616 exemplar
467 1520 576 1591 secuti
603 1538 694 1595 sunt.
747 1519 886 1592 Addam
922 1519 965 1591 de
990 1515 1245 1614 exemplaribus

70 1687 74 1707 ·
149 1631 391 1757 Ostrogicnsis
410 1657 568 1737 editionis
581 1657 860 1734 observationem
878 1661 947 1733 Du.
976 1655 1167 1756 Kopitarii,
1197 1653 1249 1724 ni·

148 1798 278 1881 mirum
296 1797 417 1871 lolium
431 1800 504 1874 055
521 1789 636 1894 ’(976)
663 1800 772 1874 luisse
797 1800 1066 1897 reimpressum,
1093 1776 1174 1865 cuni
1185 1791 1251 1864 ‚10-

24 1962 28 1971 ·
149 1936 183 2011 bi
202 1939 288 2037 Cap.
316 1941 410 2013 XLI.
448 1937 535 2013 linea
559 1941 683 2022 ultima¹
704 1937 887 2037 exemplar
906 1935 1145 2010 Bibliothecae
1156 1933 1248 2005 Cae·

149 2101 268 2149 saraae
294 2075 382 2176 legat
394 2079 517 2188 c'p'pqa
534 2077 608 2150 sine
620 2081 779 2177 sequenti
804 2076 984 2177 me,qu0d
1012 2076 1046 2145 in
1062 2068 1249 2169 exemplari

92 2244 96 2255 ’
149 2212 229 2289 RR.
251 2215 323 2288 PP.
350 2219 538 2292 Scotorum
559 2217 683 2291 lineam
703 2215 839 2292 claudit.
888 2215 1062 2290 Praelatio
1088 2212 1133 2284 de
1157 2209 1248 2284 utili·

148 2367 221 2425 tate
236 2353 392 2427 lectionis
407 2357 445 2429 S.
473 2357 698 2455 scripturae,
727 2373 760 2430 et
780 2356 924 2429 disticha
950 2353 1142 2439 slavonica,
1170 2350 1249 2448 qui·

149 2489 217 2563 hus
253 2492 357 2565 editio
385 2494 471 2568 haec
521 2513 553 2569 et
583 2496 702 2570 laudes
754 2496 865 2569 Ducis
910 2492 1129 2568 Constantini
1160 2487 1248 2563 cele·

149 2630 312 2720 lirantur,
339 2650 518 2709 auctorem
538 2636 664 2709 habent
691 2637 916 2711 Gerasimum
934 2629 1132 2708 Daoiloviu.
1160 2627 1249 2699 Gra·

150 2771 295 2844 vissime
309 2772 526 2848 halucinatus
553 2792 606 2847 est
631 2777 681 2848 da
694 2802 712 2848 c
723 2803 745 2848 o
761 2776 839 2848 bus
865 2777 972 2848 Sum
983 2799 1001 2843 a
1012 2769 1092 2864 ,qui
1110 2768 1143 2838 in
1155 2765 1247 2855 ,libro

152 2909 340 2984 »santus
367 2929 401 2986 ot
426 2913 599 2987 Paulus
623 2914 809 2987 Iluthenae
835 2907 976 2983 unionis
994 2950 1045 2966 -
1063 2905 1138 2978 sive
1155 2880 1249 3021 ’.Μῦν

113 3116 116 3123 ,
153 3046 295 3123 letius
329 3053 644 3126 Smetri-scius
684 3050 983 3149 Arrhiepiscopus
1016 3043 1252 3145 Hierapolita-

153 3213 240 3261 nus«
266 3171 432 3290 inscripto
466 3209 500 3265 et
526 3193 664 3267 Romae
694 3192 787 3267 2666
831 3189 945 3276 etlito,
977 3187 1072 3261 hunc
1109 3184 1253 3259 Gerasi·

86 3358 114 3395 ·.
155 3349 274 3415 mum,
299 3329 486 3405 Dauilovia
515 3326 756 3428 (Smotrislri),
800 3346 936 3429 patrem
969 3325 1124 3412 Meletii,
1167 3321 1253 3395 olim

95 3527 97 3536 .
157 3466 498 3566 Vico-capitaneum
544 3469 646 3541 castri
689 3468 979 3555 Cameuecensis,
1021 3463 1148 3539 deinde
1175 3487 1256 3571 pcc·

156 3622 271 3680 torem
290 3608 485 3683 academiae
503 3608 763 3709 Ostrogionsis,
784 3624 960 3681 auctorem
981 3604 1150 3678 versionis
1174 3597 1256 3677 Sta·

157 3748 302 3823 vonicae
321 3747 483 3850 Ostrogii
502 3750 615 3825 editae
633 3747 791 3820 asseruit.
819 3744 912 3820 Cum
932 3746 1026 3816 onim
1048 3768 1129 3815 eum
1142 3743 1256 3815 Grae·

157 3912 277 3967 carum
301 3889 579 3986 Latinarumque
589 3887 782 3976 literarum,
808 3911 957 3959 necnon
971 3864 1258 3959 Slaa‘onicaelin·

157 4051 246 4126 guae
282 4052 429 4128 gnarum
460 4028 571 4103 luisse
601 4029 767 4116 dixisset,
794 4026 905 4100 addit:
932 4021 1049 4119 »cujus
1076 4021 1125 4095 rei
1153 4045 1258 4120 argu·

157 4171 277 4239 mento
298 4183 381 4245 sunt
414 4167 581 4268 perutiles
616 4169 679 4241 toti
707 4166 861 4241 Russiae
886 4163 961 4261 ejus
987 4160 1257 4247 lucubrationes,

155 4305 269 4380 Biblia
292 4307 422 4383 scilicet
448 4333 468 4382 e
493 4283 631 4382 Graeco
652 4322 686 4380 et
706 4306 834 4381 Latino
853 4327 1017 4404 sermone
1034 4300 1068 4372 in
1095 4298 1258 4375 Slavoni-

157 4471 238 4523 eum
273 4474 372 4525 versa
414 4464 448 4523 et
490 4444 680 4548 Ostrogiae
708 4443 807 4521 ducis
849 4440 1066 4516 memorandi
1095 4439 1263 4539 impensis

1139 4578 1212 4650 edi·
