2766 5256
141 640 210 729 258
241 630 329 713 Pars
344 630 372 706 1.
389 624 476 729 Cap.
492 627 523 701 l.
542 626 574 727 ς.
586 645 643 705 ao.
659 622 816 701 Arbores
839 644 983 701 vocum
1001 626 1146 731 etymol.

235 776 395 909 Utinam
403 824 512 903 aliter
524 814 620 899 rndti
637 823 782 900 sentire
791 822 924 901 liceret
937 822 988 901 de
1012 824 1225 903 arboribus

138 966 601 1071 etymologicis,quarum
618 976 857 1041 structuram
874 974 1083 1071 ¹exponere
1101 965 1226 1067 coepi.

139 1106 344 1187 Secundae
357 1084 505 1183 arboris
516 1103 667 1180 radices
687 1117 779 1179 sunt
807 1133 869 1219 sp,
889 1133 951 1219 rp,
979 1134 1026 1217 pp
1041 1164 1051 1195 ,
1068 1106 1226 1209 neglec-

138 1263 181 1328 to
196 1270 361 1351 prorsus
387 1241 609 1321 discrimine
633 1244 835 1321 literarum
851 1272 894 1336 κ,
921 1272 963 1338 r,
988 1270 1032 1347 ης
1048 1246 1228 1349 genicula

136 1389 322 1481 (eostur)
350 1395 506 1460 centum
525 1383 680 1483 triginta
707 1384 808 1476 duo,
846 1410 1020 1489 quorum
1047 1387 1230 1488 primum

138 1554 298 1639 spasano,
308 1546 536 1627 supremum
545 1520 808 1601 seuultimum
827 1521 1064 1639 xsopsredn
1086 1526 1194 1603 notis
1215 1582 1227 1617 ,

138 1690 240 1773 qnae
260 1662 492 1743 'elucidando
510 1664 625 1741 nerui
643 1677 683 1740 et
701 1666 916 1767 originibus
926 1690 1072 1749 vocum
1088 1690 1229 1745 acom-

136 1804 250 1883 muni
271 1803 401 1883 radice
430 1802 688 1881 deductarum
716 1805 931 1887 destinatae
957 1818 1076 1895 sunt,
1101 1800 1227 1881 metita

140 1958 254 2033 sunt,
274 1968 375 2047 quoe
393 1942 562 2044 probare
580 1966 664 2018 non
688 1966 863 2044 possum.
908 1938 983 2022 Cui
1016 1940 1227 2021 verisimile

137 2082 262 2161 videri
287 2082 429 2183 possit,
454 2082 707 2183 peregrinum
728 2112 830 2199 rpotu
863 2088 903 2183 (e
925 2085 988 2161 lat.
1007 2096 1226 2185 grossus)a

137 2220 411 2320 slavicojverbo
423 2230 605 2337 rpopos&
622 2236 691 2299 aut
711 2249 912 2333 sperans,
939 2223 1011 2299 etsi
1032 2248 1105 2301 ore
1121 2222 1225 2327 ndgi

135 2357 178 2433 in
193 2367 377 2473 xptttraas
403 2373 599 2439 mutatum
618 2363 689 2453 sit,
715 2388 736 2438 a
752 2361 953 2474 xpitrrdrre
971 2377 1078 2442 recte
1104 2363 1227 2443 dedu·

137 2497 192 2574 ci!
213 2492 285 2575 Cui
302 2500 531 2602 persuaderi
547 2502 690 2603 possit,
714 2511 762 2577 ut
788 2497 857 2579 alia
890 2514 1066 2595 taceam,
1092 2530 1179 2619 rope
1203 2528 1227 2579 a

139 2665 253 2754 rpem,
286 2666 309 2717 a
345 2667 429 2750 rope
466 2664 560 2717 vero
597 2668 707 2752 rpap,
741 2638 916 2753 coppini,
945 2668 1055 2755 rope,
1089 2644 1226 2759 rpitpm

138 2782 280 2890 rpitps,
301 2806 486 2892 rponaaa,
516 2805 649 2894 epora,
676 2808 813 2891 rpapa,
841 2786 984 2896 epops,
1010 2784 1116 2898 operit
1140 2796 1228 2859 orta

136 2940 234 2992 esse.
261 2910 391 2993 Tertia
420 2916 538 2993 arbor
559 2916 725 2994 eradice
744 2948 791 3030 rp
813 2944 1039 2998 excrescens
1057 2943 1079 2997 e
1100 2932 1148 3003 ’Π
1165 2946 1227 3025 ge·

136 3051 274 3129 niculis
299 3077 434 3130 ramos
452 3048 646 3131 diffundit.
673 3052 849 3137 Istorum
873 3060 1048 3160 primum
1073 3086 1149 3139 seu
1172 3062 1228 3137 in·

136 3191 279 3267 limum
295 3197 512 3307 estrprtpit,
537 3194 757 3273 secundum
774 3225 942 3311 rpeexato,
955 3199 1116 3291 tertium
1124 3226 1232 3315 crpo-

6 3338 10 3345 '
138 3332 253 3422 sort,
268 3347 454 3435 quartum
480 3359 613 3450 crpore
633 3347 703 3411 etc.
728 3330 909 3413 Extrema
934 3339 1015 3417 duo
1043 3342 1086 3418 in
1120 3342 1231 3445 apice

41 3474 46 3484 '
139 3494 299 3547 summo
318 3488 412 3549 sunt
432 3465 708 3565 adsensum
723 3478 845 3553 ramis
860 3478 1094 3567 orri'e,unde
1106 3506 1232 3571 ocreae,

139 3610 358 3703 orrerruii,
383 3626 424 3689 et
453 3625 499 3695 77
527 3643 587 3693 ore
617 3639 710 3691 cum
730 3639 844 3692 ramo
873 3616 1031 3693 sinistro
1060 3644 1230 3711 oceanus,

138 3742 246 3822 unde
269 3745 432 3829 frondes
469 3780 599 3839 eruor,
624 3748 813 3845 sterent,
847 3766 886 3831 et
912 3755 1050 3832 dextro
1076 3784 1232 3860 trop-tor·

141 3909 206 3973 tta,
230 3886 337 3963 unde
349 3886 512 3967 frondes
524 3918 681 3995 nostor,
698 3921 921 3998 nepesinus.
945 3892 986 3971 si
1005 3894 1085 3996 jam
1113 3922 1232 4001 qttae·

139 4048 225 4111 ras,
252 4049 328 4125 qua
348 4026 500 4105 ratione
520 4057 627 4121 cors,
653 4060 713 4111 ote
730 4032 968 4113 cohaereant
990 4060 1083 4125 cum
1100 4036 1233 4115 radice

141 4192 210 4276 rp,
230 4162 270 4239 in
290 4166 394 4241 notis
417 4167 639 4260 doceberis,
665 4200 702 4251 or
715 4174 764 4248 oh
782 4201 892 4265 stre,
915 4202 1004 4254 oere
1017 4174 1232 4290 absorpturi,

141 4300 251 4417 quod
268 4304 488 4403 praecedit,
514 4322 600 4385 orta
618 4336 713 4387 esse.
738 4308 856 4417 Atqui
882 4314 922 4389 in
951 4316 1116 4429 otrputi,
1139 4336 1231 4393 meo

141 4442 301 4539 «pridem
328 4440 502 4543 judicio,
536 4447 669 4529 literae
696 4478 746 4563 op
774 4478 857 4532 non
900 4466 994 4531 sunt
1025 4447 1231 4541 radicales,

1113 4590 1209 4667 sed·
