2766 5256
135 630 171 725 ,ἶ

137 814 1240 929 mentisineApoealypsiunns.thuorEean'g'eliommeodi-

142 993 201 1041 ces
218 983 304 1058 tres.
317 968 576 1068 Eyanglistan'a
592 966 780 1066 (lectiones
792 938 1240 1069 exEvangeliis'conlinen·

137 1107 200 1199 lia)
218 1107 299 1185 duo.
326 1108 521 1209 Apostolus
531 1109 678 1210 integer,
694 1108 785 1191 Acta
803 1123 841 1190 et
855 1110 1021 1208 epistolas
1040 1112 1238 1214 Apostolo-

139 1273 219 1339 eum
245 1251 448 1371 continens,
473 1276 576 1327 enus.
614 1251 766 1327 Codices
784 1250 953 1350 Apostoli
965 1279 1072 1352 quem
1086 1281 1239 1363 aecanos

135 1390 173 1482 (i.
184 1414 213 1464 e.
240 1383 582 1493 daemomonem
598 1392 802 1482 „lectiones
819 1419 860 1469 ex
886 1394 992 1492 Actis·
1005 1411 1039 1469 et
1062 1396 1237 1505 Epistolis

58 1579 62 1584 -
139 1533 378 1623 continentes,
404 1550 506 1608 tres·
532 1531 774 1632 Epistolarum
798 1533 899 1611 Pauli
932 1562 1014 1637 cem
1042 1536 1239 1615 commem

136 1677 223 1751 tario
245 1652 382 1750 unum·
398 1675 681 1778 Apocalypseos,
722 1698 803 1749 cum
821 1675 984 1751 Andreae
997 1676 1240 1751 Caesariensis

139 1816 534 1909 Commendatio,duos.
559 1814 698 1893 Hocum
719 1817 909 1918 plerosque
935 1818 1005 1894 vidi
1021 1821 1150 1919 partim
1167 1820 1238 1893 Pe·

107 1952 111 1963 '
135 1958 279 2061 tropoli,
294 1958 1122 2058 paetimMosquee,et'examinavi,equibusdam
1134 1961 1240 2034 etiam

137 2100 330 2196 specimina
344 2100 434 2175 decli.
461 2100 570 2198 (Vide
593 2102 751 2175 Gramm.
776 2126 811 2199 p.
829 2086 881 2196 ‘70
908 2117 945 2173 et
970 2104 1042 2198 672
1072 2116 1106 2177 et
1133 2107 1236 2198 sqq).

139 2237 280 2315 Vetesis
296 2220 494 2315 testamenti
511 2241 636 2330 libros,
652 2258 789 2341 praeter
806 2240 1037 2327 Psalterium,
1063 2241 1121 2314 vix
1143 2238 1237 2313 ullos

139 2394 301 2476 spectare
325 2379 425 2497 licet„
453 2384 512 2480 qui
533 2382 654 2457 seculo
687 2385 768 2463 XV..-
793 2378 1007 2483 antiquiores
1027 2381 1106 2453 sint.
1140 2382 1236 2453 Inter

141 2516 293 2594 Codices
311 2521 464 2597 slavicos
476 2522 718 2600 Bibliothecae
737 2522 972 2598 Coislinianae
991 2523 1090 2597 San·
1102 2544 1242 2619 germae

45 2636 56 2653 ¹
137 2661 274 2748 nensis,
302 2690 395 2761 qeins
413 2663 704 2739 Montlauconius
716 2665 752 2735 in
771 2662 989 2737 Bibliotheca
1008 2658 1241 2763 bibliotheca·

137 2822 216 2871 rum
231 2802 320 2875 Mss.
332 2805 562 2893 enumeravit,
582 2780 851 2901 rep'eciturN.‹2.
867 2799 1007 2873 Veteris
1018 2799 1238 2879 Testamenti

137 2937 249 3011 codex
264 2964 356 3015 amus
368 2998 376 3029 ,
387 3020 390 3025 ,
403 2944 465 3019 Nc„
485 2950 518 3017 ὃ.
532 2958 684 3041 quatuor
700 2939 979 3042 Evangeliorum
996 2937 1106 3011 codex
1124 2962 1238 3027 unus,

47 3072 56 3091 '
139 3080 186 3153 N.
203 3101 256 3155 ae.
278 3082 362 3157 liber
382 3084 538 3175 Tobiae,
556 3088 600 3159 N.
612 3104 668 3159 ee.
680 3079 872 3181 Evangelia
891 3106 972 3154 cum
989 3079 1081 3169 notis
1095 3079 1240 3173 ,charac-

114 3190 212 3294 tere
232 3223 489 3322 elegantissimo
517 3182 827 3322 et⁸antiqutsstme
852 3224 1000 3297 Petrum
1026 3237 1061 3293 et
1090 3221 1241 3318 scripto·

140 3385 219 3433 cum
246 3342 561 3451 ecclesiasticoeum
580 3388 687 3463 opera
715 3362 820 3463 longe
843 3363 945 3463 plura
963 3360 1098 3460 ,itidem
1125 3359 1242 3437 consi-

137 3516 242 3601 gnata
258 3502 365 3602 leges.
383 3505 592 3597 'Deberem
604 3508 763 3579 omnium
779 3520 891 3579 aetate
918 3501 1239 3579 altum-silentium.

141 3642 241 3716 Idem
266 3645 502 3721 lllontlaucon
526 3645 561 3718 in
585 3646 706 3719 Dinrio
726 3644 847 3719 Italico
876 3642 1003 3719 indicat
1030 3642 1064 3713 in
1090 3640 1239 3713 armario

141 3780 372 3857 bibliothecae
396 3784 630 3861 Ambrosiane
659 3811 738 3860 esse
766 3783 949 3858 »codicem
966 3781 1135 3858 Ruthcno
1161 3782 1243 3855 clm·

141 3939 294 4011 caetere,
321 3948 427 4023 quem
446 3941 574 4001 vocant
593 3928 630 4001 S.
645 3926 785 4024 Cyrilli,
805 3923 976 4025 argenteis
999 3921 1125 3995 tabulis
1146 3946 1244 3995 com·

33 4078 41 4091 ·
142 4078 304 4161 pactum,
339 4065 375 4137 in
406 4066 505 4162 (queis
539 4055 769 4171 anagliphte».
815 4066 964 4141 Constat
996 4090 1081 4138 vero
1111 4088 1153 4135 en
1189 4089 1245 4137 ro-

141 4228 276 4301 sponso
297 4205 549 4283 bibliothecarii
573 4209 722 4308 Bugnti,
750 4206 846 4306 quod
866 4208 900 4280 in
925 4203 1131 4280 adversariis
1152 4204 1243 4277 For·

139 4345 248 4420 tunati
268 4347 402 4422 Durich
430 4348 575 4448 legitur,
595 4348 752 4425 codicem
779 4348 873 4424 hunc
893 4346 1071 4422 continere
1090 4361 1241 4442 quatuor

143 4484 343 4589 Evangelia,
366 4515 433 4565 sec.
444 4493 526 4567 XV.
552 4491 687 4591 scripta.
808 4536 811 4543 =

1126 4626 1201 4703 Ile-
