2766 5256
1047 358 1050 369 ι

153 694 156 699 ’
240 678 317 753 ’346
528 672 616 749 Pars
640 670 666 744 1.
693 672 779 774 Cap,
803 658 882 751 vn,
907 678 938 777 g
963 684 1023 765 54.
1122 708 1125 719 .
1202 704 1208 715 .

244 875 390 973 aptius,
424 894 591 979 quama
633 895 767 949 raama
802 876 854 953 ob
892 874 1156 953 mutationem
1184 876 1334 957 radica·

240 1008 288 1087 lis
312 1014 512 1088 'consonae
538 1034 562 1087 c
586 1009 627 1084 in
655 1039 702 1087 ιιι.
736 1007 889 1089 Monuit
917 1026 1050 1090 tamen
1069 1014 1150 1092 hoc
1175 1014 1329 1095 inloto

240 1150 466 1252 irregularia
474 1145 594 1229 multa
605 1162 644 1225 et
652 1151 771 1239 varia,
787 1150 836 1228 de
846 1150 1086 1255 quibusalibi
1096 1156 1205 1235 brevi
1215 1181 1331 1259 agen·

241 1288 341 1367 dum
359 1292 425 1379 sit,
449 1288 605 1391 vigilem
635 1314 772 1365 curam
800 1291 962 1393 exigere.
1012 1288 1141 1399 Atque
1169 1294 1246 1373 hac
1271 1321 1332 1372 ra·

238 1428 348 1507 tione
370 1426 616 1507 difficultates
642 1430 683 1505 in
708 1427 945 1509 formatione
971 1428 1173 1509 Praeteriti
1197 1458 1218 1509 a
1244 1423 1363 1531 solo¹

239 1565 451 1647 Praesenti·
464 1570 599 1647 obvias
617 1566 853 1670 subterfugit
862 1572 1017 1673 potius,
1043 1596 1165 1675 quam
1193 1570 1328 1655 solvita

175 1802 183 1823 .
236 1710 369 1809 impar
386 1711 550 1787 omnino
571 1724 611 1790 et
626 1709 688 1788 ille
707 1710 815 1789 etalii
839 1710 932 1787 huic
948 1710 1085 1797 labori,
1101 1710 1155 1787 ob
1183 1704 1334 1786 forma

240 1874 334 1925 rum
354 1844 473 1926 Verbi
503 1848 766 1927 diversitatem
800 1848 980 1927 nondum
998 1861 1057 1925 sat
1077 1848 1179 1925 clare
1200 1848 1336 1925 obser·

160 2022 163 2027 ·
239 1999 372 2063 vatam
388 2012 431 2063 ac
451 1988 630 2066 distincte
656 1988 892 2092 explicatam.
934 1986 1055 2065 Nobis
1071 1987 1192 2089 igitur
1216 1986 1259 2063 in
1287 1986 1332 2063 iis

239 2124 379 2202 saltem
403 2126 562 2218 formis,
587 2127 628 2205 in
662 2128 806 2232 quibus
840 2128 893 2203 ob
930 2122 1092 2226 affixum
1117 2152 1147 2203 to
1182 2122 1334 2227 primae

239 2287 435 2364 personae
446 2264 593 2344 linales
617 2290 815 2345 consonae.
838 2264 1194 2353 transformantur,
1220 2258 1335 2339 Prae.

239 2404 403 2479 teritum
433 2405 596 2507 simplex
628 2418 696 2482 aut
730 2394 978 2492 lnlinitivus,
1011 2414 1153 2505 utpote
1189 2399 1333 2485 intutu

240 2542 575 2623 characteristicae
592 2544 734 2623 vocalis
754 2558 935 2646 tempora
953 2540 1138 2643 analoga,
1164 2564 1243 2655 pro
1252 2538 1332 2619 the·

238 2695 343 2759 mate
362 2684 448 2786 ipso
474 2684 625 2763 valebit.

588 2825 738 2903 Formae
773 2824 984 2898 Verbonrm.

339 2964 369 3059 5.
395 2963 453 3047 aa.
478 2959 704 3041 Verborum
728 2942 1075 3063 formaeaquiBus
1090 2980 1176 3035 non
1202 2954 1330 3035 solum

238 3098 474 3199 significatus
492 3102 644 3179 ratione
664 3102 845 3189 actionis,
865 3100 945 3175 sive
964 3111 1147 3199 tempore
1167 3096 1331 3179 definito

239 3234 465 3327 absolutae,
505 3240 584 3318 sive
617 3254 798 3342 tempore
834 3236 1041 3314 indefinito
1079 3214 1329 3313 continuatae

240 3391 308 3453 aut
327 3376 446 3454 etiam
463 3378 647 3469 iteratae,
675 3378 745 3455 serl
775 3379 893 3455 etiam
914 3372 1056 3451 Futuri
1078 3386 1119 3451 et
1138 3370 1328 3451 Praesen-

239 3515 289 3591 tls
310 3516 455 3594 clarior
484 3518 597 3597 notio
631 3516 847 3619 dependet,
881 3515 1010 3593 variae
1048 3526 1150 3593 sunt.
1182 3510 1329 3591 Earum

242 3652 522 3755 slmplicissima
554 3682 625 3734 seu

338 3790 501 3873 Prima
518 3796 821 3901 comprehendit
839 3820 882 3871 ea
902 3790 1164 3895 Verba,quae
1184 3790 1332 3869 nullam

243 3929 594 4013 characteristicam
613 3938 788 4017 vocalem
805 3952 894 4059 anpe
906 3964 961 4017 ru
972 3932 1157 4013 tnttnittvi
1172 3930 1330 4059 habeut

243 4062 425 4171 Suntque
445 4095 586 4151 eorum
611 4076 694 4153 auo
714 4100 869 4178 genera.

245 4208 283 4305 a)
308 4201 458 4287 Eorum
477 4236 650 4315 quorum
669 4212 809 4313 syllaba
836 4212 978 4327 radicis
993 4212 1118 4293 vocali
1148 4208 1333 4291 termina-

343 4360 427 4436 tur,
453 4350 510 4425 uti
544 4378 666 4441 rra-ra,
691 4380 835 4457 „aa-rm
860 4382 978 4449 torn,
1013 4382 1163 4446 tta-ru,
1181 4352 1335 4437 tab-*tta

348 4514 499 4575 nunu.
531 4496 662 4570 *rt-rm
768 4512 771 4519 ·

1087 4598 1114 4651 ,-
1171 4660 1177 4671 ,
1245 4630 1293 4737 b)
