2766 5256
205 960 306 1039 Jevii
328 960 371 1035 in
387 953 564 1035 Lituania
584 922 831 1059 impressam.
872 954 918 1031 ln
943 952 1162 1059 posterIori
1183 954 1321 1047 enirn,

207 1094 437 1201 Mosquensi
455 1092 527 1171 An.
562 1106 675 1187 1721,
702 1120 803 1199 quae
825 1094 1005 1173 l'ri'mnicii
1031 1095 1102 1172 An.
1131 1098 1321 1207 ¹⁷55*

211 1264 303 1315 cusa
336 1237 425 1327 serit,
452 1236 640 1314 ssexioues
660 1236 784 1313 dualis
812 1264 872 1327 ss,
899 1266 970 1328 ra,
1004 1262 1106 1340 quae
1136 1250 1251 1315 recte
1277 1238 1321 1315 in

93 774 96 781 '
203 764 274 854 648
535 762 622 835 Pars
632 762 678 835 11.
699 756 788 861 Cap.
806 760 869 835 111.
888 762 919 859 §L
945 760 1003 835 lto.

208 1381 337 1481 prima
355 1381 527 1478 signatae
552 1390 682 1466 eraut,
708 1376 749 1450 in
775 1406 847 1466 su,
875 1403 934 1467 ea,
969 1402 1126 1453 summa
1155 1378 1320 1457 audacia

212 1522 264 1596 ab
302 1518 453 1594 editore
501 1530 675 1595 mutatae
711 1530 814 1592 sunt.
864 1512 1002 1593 Editor
1033 1516 1142 1594 enim
1172 1542 1318 1597 cussus

213 1658 501 1735 Grammaticae
511 1654 701 1758 Musquae
718 1650 790 1730 An.
804 1647 895 1743 rous
906 1656 1122 1748 inchoatae,
1131 1652 1206 1733 An.
1221 1680 1319 1737 vero

215 1792 310 1874 1051
349 1793 549 1871 absolutae
592 1808 803 1895 praecepta
838 1821 914 1896 pro
950 1794 1110 1873 oraculo
1155 1796 1318 1890 habuit,

215 1948 346 2036 spreta
374 1931 513 2009 Meletii
532 1933 779 2009 auctoritate.
833 1926 1064 2011 observavit
1089 1934 1260 2037 quidem
1278 1934 1318 2011 P.

214 2072 484 2173 vinogradow
515 2068 635 2148 Marci
668 2079 733 2160 10,
760 2072 818 2149 35.
851 2071 926 2173 legi
950 2098 1122 2181 χιοῳεω,
1156 2102 1318 2192 repetem

213 2213 378 2311 (addere
405 2210 603 2311 potuisset
619 2212 883 2314 capessivit,
910 2240 1102 2293 uouruav.
1118 2214 1320 2315 39),ωο-

217 2366 368 2453 netque
389 2348 604 2427 secundam
617 2372 834 2463 personam
851 2376 959 2429 nunc
977 2352 1141 2455 quidem
1167 2352 1320 2433 finiriin

218 2520 268 2569 rra
293 2492 432 2582 (immo
464 2502 503 2565 et
521 2488 650 2581 olim),
676 2489 717 2564 iu
756 2476 886 2567 tabula
916 2505 1050 2569 autem
1074 2493 1318 2599 conjugatio·

216 2656 322 2707 num
336 2629 547 2731 praemissa
571 2654 636 2705 eas
655 2616 952 2707 terminationes
969 2628 1091 2709 fuisse
1117 2628 1318 2737 appositas

219 2771 428 2870 (nimirum
445 2796 516 2855 ara,
544 2794 601 2857 sa,
629 2770 714 2866 ¹ra),
740 2768 884 2871 quibus
915 2768 1021 2870 apud
1042 2764 1204 2849 Veteres
1227 2797 1319 2877 per-

192 2942 195 2947 ·
217 2936 338 2987 sonae
356 2907 559 2984 distinctae
584 2905 741 2981 suerint
791 2902 908 3011 Atqui
928 2910 1025 2985 haec
1053 2908 1162 2987 aliter
1177 2936 1223 2989 se
1250 2910 1320 2989 ha·

216 3048 340 3139 bere,
366 3043 553 3145 inspectis
574 3042 782 3151 codicibus
801 3062 841 3125 et
870 3050 1107 3127 editionibus
1127 3048 1319 3155 anliquis,

218 3186 370 3264 cuilibet
392 3184 550 3285 patebit.
580 3181 626 3257 ln
646 3184 708 3259 his
735 3186 841 3261 enim
866 3190 1048 3291 nuspiam
1074 3178 1322 3269 terminaliu-

220 3350 315 3404 nem
334 3326 485 3425 primae
506 3347 701 3423 personae
719 3353 789 3414 aas,
811 3326 879 3403 sed
895 3340 1120 3405 constanter
1132 3328 1322 3409 arants-k

222 3464 428 3551 (iraeenim
445 3463 675 3566 frequenter
692 3464 881 3543 confundi
899 3469 1043 3571 solent)
1065 3484 1103 3547 et
1123 3470 1165 3545 in
1184 3496 1325 3573 secem·

222 3604 270 3679 ‹ia
301 3634 350 3682 rs
369 3604 554 3708 reperies.
607 3596 857 3682 Confirmant
879 3606 958 3682 hoc
979 3604 1259 3687 Bohemorurn
1287 3624 1327 3689 et

219 3742 467 3821 Polouorum
518 3747 731 3848 scriptores
772 3758 947 3837 veteres,
993 3744 1163 3823 maxime
1208 3772 1326 3839 vero,

226 3886 295 3985 qui
323 3884 427 3959 ‹lirali
447 3910 619 3963 numero
635 3886 765 3963 adhuc
783 3884 902 3963 hodie
920 3900 1106 3977 utuntur,
1132 3882 1269 3965 Viuidi
1285 3888 1325 3963 in

229 4016 442 4111 Carniolia,
467 4018 698 4128 Venedique
717 4025 758 4102 in
785 4019 949 4103 Leisatia.
992 4022 1140 4105 Confer
1161 4022 1328 4107 Curuio-

227 4160 344 4235 licum
364 4188 490 4253 urrisu,
508 4190 651 4255 turrea,
671 4192 816 4255 irenem
837 4194 1004 4258 austres,
1029 4196 1192 4251 ausura
1206 4184 1280 4249 etc.

325 4380 443 4452 Velim
470 4382 516 4457 G.
542 4384 580 4457 S.
605 4382 810 4457 Bandtke
838 4386 1109 4463 Grammatieam
1120 4386 1331 4471 Polonieam

225 4478 390 4553 secundis
417 4482 508 4553 euris
538 4482 792 4555 tvruistasiae
832 4488 924 4561 1818
953 4488 1079 4559 editam
1108 4488 1275 4587 inspicias
1295 4490 1332 4561 iu

228 4598 296 4673 qiu
317 4600 353 4675 p.
379 4576 452 4677 249
472 4594 506 4653 et
528 4586 621 4668 312,
647 4580 691 4653 de
704 4582 873 4657 obsoletis
906 4586 1109 4687 sussixis(ut
1137 4596 1335 4679 veranne·

186 4728 188 4733 ·
1185 4726 1278 4799 meri
