2766 5256
1107 378 1114 391 ‘
1168 371 1171 376 ,

144 643 341 733 LX,-

144 840 227 914 bet.
264 836 360 912 Cum
376 849 493 909 tamen
511 831 683 930 quaedam
712 833 890 923 omiserit,
917 836 982 909 alia
1016 835 1186 912 addiderit
1214 855 1248 912 et

142 977 349 1064 mutaverit,
383 973 495 1049 nolim
522 999 604 1047 oum
626 973 822 1074 Sepiltovin
853 980 944 1076 opus
974 976 1043 1050 hoc
1068 969 1247 1081 singulare

121 1128 123 1133 '
144 1092 334 1190 editionem
350 1110 501 1191 Meletii
503 1115 639 1188 tertiam
666 1129 726 1188 aut
750 1114 941 1189 secundam
951 1117 1049 1206 (oum
1069 1117 1248 1201 Vilnenaio

87 1316 94 1327 .
143 1260 188 1335 A.
215 1260 308 1357 1629
334 1259 392 1331 vix
412 1263 537 1347 exstet)
569 1253 755 1355 appodiare.
799 1253 1025 1354 Appositae
1017 1284 1054 1330 in
1075 1257 1146 1330 tine
1166 1275 1251 1334 sunt

15 1486 17 1488 ,
75 1400 80 1407 ’
142 1414 213 1472 tres
239 1398 469 1498 appendices:
500 1394 959 1492 t)1)iscursueMaximi
992 1397 1166 1471 Graeci
1204 1397 1248 1472 do

137 1539 290 1613 -utititate
316 1538 583 1616 Grammaticae
618 1544 655 1627 2)
690 1536 936 1637 Interpretatio
960 1534 1137 1612 slavonica
1168 1536 1249 1613 No·

141 1679 278 1754 minum
310 1681 534 1753 Sanctorum.
570 1681 610 1775 3)
644 1677 808 1779 Anatysis
843 1676 992 1750 duarum
1020 1677 1247 1754 Orationem}

15 1860 18 1869 .
115 1815 217 1891 &Has
242 1832 277 1890 et
297 1819 446 1892 seorsim
463 1846 517 1892 an.
548 1821 640 1913 1782
657 1818 693 1890 in
722 1802 754 1891 8.
773 1820 949 1916 Mosquae
975 1818 1166 1918 impressas
1184 1819 1257 1913 ha·=

138 1955 217 2031 beo.
243 1958 341 2033 Male
358 1951 462 2032 tribui
488 1960 531 2037 ab
557 1958 731 2056 aliquibus
745 1930 847 2069 ‘hane
874 1959 1147 2034 Grammaticam
1166 1962 1247 2034 Ma·

137 2097 234 2170 nimo
268 2100 407 2173 Graeco
426 2116 522 2174 recte
540 2099 677 2172 monuit
703 2097 927 2197 Sopikovius.
952 2098 1156 2198 Exemplari
1179 2099 1247 2172 hu·

137 2232 194 2333 jus
213 2239 490 2327 Grammaticae,
510 2239 607 2337 quod
638 2255 751 2331 seryat
781 2206 990 2311 bibliotheca
1017 2237 1246 2337 Upsalensie,

47 2376 66 2460 ’,
136 2378 271 2476 passim
310 2381 508 2454 versionem
537 2380 677 2453 latinam
720 2378 867 2480 margini
896 2377 1078 2477 adseripsit
1111 2379 1246 2479 Spar·

73 2550 79 2565 ·
138 2514 441 2596 fvenseldine.
492 2522 593 2595 Haec
616 2536 737 2593 autem
763 2517 881 2592 versio
905 2489 1053 2591 vinalia
1084 2544 1164 2592 esse
1197 2517 1248 2592 vi·

1 2626 3 2638 .
135 2655 262 2750 detur,
289 2658 395 2758 qnam
423 2687 483 2749 ea,
519 2662 693 2759 adquam
721 2638 1246 2760 perficiendamsparseen·

135 2797 158 2872 f
168 2785 330 2874 eldius
355 2803 534 2900 Mosquae
551 2827 605 2875 an.
635 2802 729 2878 1686
749 2779 910 2873 hettatus
936 2813 989 2869 est
1014 2821 1242 2900 anonymum,

138 2941 198 3034 qui
225 2913 351 3014 Nissae
363 2942 542 3018 MDCXC
555 2941 589 3015 in
608 2936 641 3015 4.
655 2938 861 3037 ’Exemplar
873 2933 1078 3031 charaeteris
1102 2936 1250 3014 Mosco·

139 3072 452 3156 vitice-ruthenici
478 3072 625 3180 duplicis
643 3078 768 3154 Biblici
794 3093 829 3152 et
850 3075 1001 3151 usualis«
1021 3075 1055 3147 in
1076 3093 1245 3175 quatuor,

139 3231 176 3288 et
193 3218 479 3292 Declinationum
496 3220 759 3294 terminationes
785 3219 819 3291 in
839 3217 996 3317 quinquo
1019 3209 1156 3292 tabellis
1177 3215 1247 3290 aeti

137 3351 256 3426 incisis
291 3356 405 3430 edidit.
455 3360 491 3432 Is
525 3360 620 3433 enim
656 3360 700 3434 de
725 3358 844 3434 studio
873 3356 1013 3459 linguae
1039 3353 1249 3430 Slevonicae

139 3494 318 3591 Mosquae
335 3497 539 3579 continuato
562 3497 662 3573 etde
686 3493 849 3571 versione
868 3495 1128 3574 Grammaticae
1165 3521 1183 3567 a
1210 3520 1248 3570 se

142 3633 304 3712 confecta‘
325 3634 474 3735 loquens
501 3639 564 3712 ait:
590 3638 720 3732 »Quod
740 3663 861 3712 meum
884 3636 1041 3711 studium
1076 3655 1159 3710 cunt
1186 3658 1249 3736 ap·

140 3771 326 3870 probasset
342 3774 470 3879 nobilia
480 3777 658 3850 Dominus
668 3778 825 3852 doannes
852 3775 1247 3876 Spahronseldsveetm,

138 3909 277 4007 juvenis
307 3917 604 4015 praeclarissimus
642 3935 676 3992 et
700 3944 785 3993 suae
809 3917 920 4018 gentis
953 3940 1037 4015 spes
1067 3913 1247 4001 maxima,

141 4047 373 4149 plurimarum
395 4056 593 4159 linguarum
621 4032 870 4158 peritissimus,
897 4055 958 4155 qni
985 4082 1028 4129 eo
1057 4055 1134 4154 ipso
1158 4068 1249 4128 tem·

140 4214 229 4290 pore
254 4198 377 4299 agebat
390 4199 590 4301 Mosqnae,
616 4221 766 4296 eamque
776 4194 931 4296 linguam
949 4193 1066 4269 didicit
1079 4193 1249 4271 Ruth'eno

138 4335 277 4432 pariter,
303 4337 457 4437 porrexit
475 4338 560 4411 mihi
587 4333 862 4410 Grammaticam
888 4331 1004 4410 susam
1019 4333 1096 4408 sola
1130 4332 1248 4438 lingua

141 4472 323 4552 antonina
341 4473 490 4564 editam,
516 4490 555 4551 ut
583 4499 659 4550 eam
686 4492 752 4577 pro
777 4484 869 4552 meo'
900 4473 1066 4553 exercitio
1083 4472 1254 4551 latinitate

1138 4616 1202 4692 do·
