2766 5256
263 715 365 793 266,
407 713 493 789 Pars
505 712 532 785 1.
541 708 678 811 Capll.
689 706 720 806 §-
728 648 784 783 ἕο.
794 706 917 786 runci.
927 704 974 783 lit.
984 704 1172 788 sterilium.

807 472 817 513 l

357 906 552 991 secundae
585 908 699 1007 (sua),
741 929 935 1007 personae
969 905 1106 984 tertiae
1141 903 1340 989 Praeteriti

355 1079 428 1141 uss,
454 1077 530 1137 ma,
556 1044 765 1124 Gerundivi
780 1042 976 1147 praeteriti
990 1049 1101 1144 (mas
1115 1050 1196 1149 uas).

259 1222 295 1304 ep
319 1193 365 1269 ln
382 1187 619 1268 derivatione
639 1178 992 1262 ¹substantivorum
1017 1185 1123 1296 (aqi,
1158 1192 1278 1298 κψε);
1300 1192 1340 1267 in

353 1327 588 1407 formatione
602 1320 816 1401 Gerundivi
834 1323 932 1433 (th,
949 1327 1043 1438 aqi).

259 1502 283 1585 q
309 1472 351 1548 in
363 1469 600 1548 derivatione
616 1436 962 1541 substantivorum
979 1472 1060 1576 (sq,
1086 1466 1184 1579 uqa,
1200 1479 1268 1578 qs).

255 1638 277 1687 v
303 1611 346 1687 in
362 1600 599 1686 derivatione
625 1598 980 1709 substantivorum

255 1774 277 1825 r
301 1747 342 1823 in
361 1744 598 1823 derivatione
616 1710 979 1834 Subdtantivomm,
1003 1744 1045 1819 in
1073 1742 1243 1824 flexione
1267 1744 1339 1827 Ge·

231 1910 234 1915 ·
355 1887 462 1962 nitivi
487 1882 777 1982 Adiectivorum
806 1893 846 1960 et
878 1878 1169 1963 Pronominum
1203 1888 1339 1987 (roro.

354 2033 451 2129 vers).

252 2196 280 2272 χ
305 2168 349 2244 in
365 2166 605 2244 derivatione
620 2164 853 2257 Nominum,
879 2164 1167 2245 informatione
1188 2164 1339 2271 primae

348 2332 542 2411 personae
554 2308 756 2411 singularis
774 2310 846 2411 (χ),
858 2320 896 2385 et
910 2309 1049 2386 tertiae
1057 2305 1217 2412 pluralia
1225 2302 1340 2385 Prae·

350 2448 452 2525 teriti
469 2448 559 2551 (pt),
584 2448 622 2523 in
642 2446 810 2527 flexione
830 2443 980 2525 Localis
991 2444 1161 2548 pluralis.

252 2610 276 2663 κ
300 2583 341 2661 in
357 2582 595 2666 derivatione
614 2584 960 2706 substantivorum
984 2598 1024 2663 et
1049 2564 1339 2685 ddjectiv'orum

261 2779 268 2789 -
348 2736 413 2820 (κ,
438 2751 585 2817 amau,
603 2750 672 2818 οκ,
698 2754 755 2821 εκ,
780 2750 862 2816 usa,
890 2736 967 2820 aa).

348 2960 458 3061 Quas
474 2963 627 3042 vocales
641 2977 778 3067 petant
792 2977 861 3040 aut
877 2964 1086 3065 admittant
1094 2974 1186 3043 ante
1209 2962 1337 3044 sesin-

250 3101 363 3205 gulae
377 3100 452 3179 hae
466 3103 624 3181 serviles
647 3126 862 3194 consonae,
901 3102 1064 3209 quando
1097 3102 1267 3205 syllabae
1281 3126 1339 3179 ra·

250 3241 362 3335 dieali
388 3237 623 3348 affiguntur,
655 3244 751 3320 locis
792 3244 872 3321 suis
914 3243 1068 3346 plenius
1109 3250 1338 3348 exponetur.

249 3381 356 3461 Aliae
373 3384 481 3463 enim
504 3382 637 3487 plures
655 3384 868 3461 admittunt
891 3382 1064 3474 vocales,
1089 3381 1185 3461 aliae
1211 3380 1339 3487 pauci-

251 3547 352 3600 ores.
379 3550 399 3600 a
427 3524 592 3624 exempli
609 3536 846 3601 causeamat
868 3550 909 3615 a,
927 3552 970 3615 o,
1001 3551 1038 3615 s,
1062 3551 1109 3614 a,
1143 3522 1238 3601 hinc
1263 3534 1337 3615 ter·

250 3665 485 3742 minationes
520 3689 561 3743 aa
572 3723 593 3782 ,1
618 3691 684 3754 oo,
719 3690 777 3751 aa,
804 3688 875 3754 aa,
908 3661 999 3741 fem.
1025 3688 1110 3751 aaa,
1131 3688 1223 3754 osa,
1257 3684 1339 3750 su,

252 3829 340 3894 aaa,
365 3816 491 3881 neutr.
518 3829 604 3893 aas,
629 3831 718 3891 oso,·
744 3828 823 3893 aas,
843 3818 939 3896 aas,
964 3802 1153 3881 duntaxat
1172 3800 1336 3877 usitatae

252 3953 410 4019 suntet
436 3943 645 4021 nonaliae.
675 3941 809 4021 Plures
837 3940 1008 4019 admittit
1030 3940 1140 4019 litera
1171 3964 1219 4031 κ,
1249 3938 1340 4025 hille

248 4105 315 4168 an,
341 4108 409 4173 on,
434 4109 530 4195 oya,
556 4110 789 4175 numerumn,
802 4109 864 4161 aaa.
877 4079 1023 4159 Omnia
1043 4080 1093 4157 ab
1120 4078 1340 4185 euphonia

250 4216 401 4321 legibus
419 4221 614 4324 pendere,
630 4222 781 4324 ubique
800 4218 1048 4311 clarum'tiet
