2766 5256
136 764 208 847 ree
412 764 498 839 ears
521 718 567 840 11}
593 762 680 866 cap.
704 766 733 839 1.
757 722 791 864 §ss
814 766 921 843 aaa
987 844 991 851 ,

234 970 266 1065 §.
294 974 326 1037 ε’.
351 956 655 1037 llasculinorum
675 960 792 1061 igitur
820 962 921 1040 duae
940 956 1229 1039 sturtDeclina·

137 1111 285 1187 tiones:
309 1103 435 1205 prima
461 1124 619 1189 eorum,
646 1124 747 1203 qrrae
774 1108 952 1178 consona
979 1101 1135 1192 solida,
1171 1126 1232 1181 se·

139 1244 267 1325 cunda
286 1267 381 1321 vero
401 1263 560 1329 eorum,
573 1262 673 1340 quae
691 1263 864 1315 consona
871 1238 1018 1355 liquida
1028 1238 1230 1327 seuaffec·

137 1399 177 1463 ta
222 1381 493 1460 terminantur.
542 1375 725 1478 Exempla
759 1402 834 1481 pro
875 1378 1002 1479 prima
1035 1350 1232 1483 praebent

139 1520 387 1625 substantiva
422 1516 573 1595 formae
603 1516 791 1619 primae,
825 1540 901 1617 pro
925 1518 1102 1595 secunda
1128 1514 1231 1595 Sub-

144 1664 309 1743 stantiva
331 1658 482 1735 formae
502 1654 706 1731 secundae.
732 1654 828 1733 tide
847 1652 887 1727 P.
896 1650 927 1735 1.
937 1658 968 1755 ς.
984 1668 1042 1732 21.
1058 1668 1121 1735 22.

225 1798 471 1877 Nerinorum
488 1806 589 1869 tres:
614 1794 740 1895 prima
762 1796 1025 1874 desinentium
1042 1798 1086 1873 in
1105 1826 1148 1888 ο,
1169 1826 1228 1877 se·

51 1956 58 1977 ¹
136 1939 264 2019 cunda
283 1937 323 2011 in
342 1962 376 2025 r,
402 1932 514 2011 tertia
538 1933 579 2009 in
597 1962 623 2009 a
647 1960 739 2011 cum
753 1938 1075 2039 augmentis-rra,
1102 1952 1227 2029 amer

137 2076 391 2181 quorrmdam
415 2076 456 2151 in
468 2102 502 2149 ,ο
519 2098 611 2151 cum
626 2089 841 2175 augmento
855 2105 920 2155 -εε,

230 2212 529 2293 Femininorum
559 2226 753 2317 quatuor:
788 2216 917 2317 prima
960 2214 1225 2307 desinentium

140 2360 180 2435 in
199 2388 241 2446 a,
267 2352 435 2433 setunda
461 2352 503 2427 in
521 2380 565 2439 a,
592 2356 704 2431 tertia
722 2369 762 2431 et
777 2370 914 2459 quarta
940 2382 1101 2451 rorum,
1127 2330 1239 2463 qost·
1254 2414 1268 2445 .,

140 2496 314 2573 con‘sona
338 2491 484 2596 liquida
511 2492 780 2569 terminantur.
819 2492 1025 2573 llasculina
1044 2498 1129 2580 ina
1155 2512 1226 2578 eta

125 2628 438 2713 ‘femininortrm
466 2628 765 2709 declinationem
785 2647 1016 2739 sequuntur.

235 2846 431 2927 Declinatio
470 2850 720 2925 Grammaticis
764 2852 900 2929 slavicis
932 2870 993 2928 est·
1010 2866 1228 2945 csseurtt't't,

140 2976 242 3027 casus
260 2974 405 3051 napea,
430 2948 674 3023 Nominatirus
693 2940 999 3042 astruamur-nt,
1043 2954 1227 3031 Accusati-

139 3074 205 3125 rus
233 3040 511 3131 autumnitati,
547 3046 732 3120 Genitivus
768 3048 1041 3171 popu-resumi,
1074 3054 1226 3127 Datis-nr

139 3142 363 3249 paretonii,
388 3140 528 3217 Loealis
555 3165 850 3246 crrrgarrautra,
877 3148 899 3221 i.
931 3174 960 3221 e.
984 3150 1226 3227 Narrativnsa

140 3268 339 3349 carigare,
366 3242 425 3337 qui
443 3240 649 3313 Latinorum
674 3243 838 3321 Ablativo
865 3272 945 3321 cum
967 3249 1226 3347 praepositione

140 3342 194 3417 de
218 3339 423 3440 respondet,
459 3362 637 3435 quemque
662 3342 812 3417 Bohemi
835 3342 881 3418 ob
905 3342 1123 3443 lrequentem
1153 3344 1226 3443 ejus

135 3466 243 3517 urum
268 3464 348 3513 cum
381 3437 637 3551 praepositione
662 3418 700 3527 i,
725 3442 785 3530 in,
810 3442 977 3517 Localem
1001 3442 1228 3542 appellarunt.

139 3534 418 3623 instrumentalis
443 3550 495 3609 est
521 3538 800 3649 rnopurrrouii
827 3539 869 3612 ab
892 3540 1069 3640 operando
1093 3542 1224 3631 dictos,

138 3640 347 3713 Latinorum
362 3632 525 3709 Ablativo
552 3632 714 3709 absoluto
741 3638 841 3734 (sine
866 3637 1150 3738 praepositione)
1172 3666 1225 3713 re·

142 3735 339 3833 spondens,
364 3756 471 3829 quem
489 3730 536 3803 ob
553 3730 772 3829 frequentem
796 3734 887 3811 illius
904 3760 1007 3809 nsum
1028 3738 1224 3839 cumperti·

139 3834 217 3907 cula
237 3812 277 3921 d,
289 3856 400 3919 curn,
425 3830 639 3905 Sotiativnm
657 3832 742 3909 milri
758 3832 932 3935 appellare
945 3832 1059 3910 liceat.
1083 3835 1225 3913 vocari-

142 3956 206 4005 vus
222 3930 375 4027 denique
400 3943 453 4001 est
468 3926 705 4031 3ss1rrsrrnrii.

235 4166 267 4263 5,
294 4172 325 4239 t.
360 4160 631 4241 Accusativum
660 4162 963 4245 Masculinorum
990 4170 1222 4249 inanimato·

137 4324 230 4377 rum
249 4326 331 4377 non
346 4324 434 4377 esse
452 4301 707 4379 distincturna
734 4306 990 4401 nominativo,
1001 4309 1094 4389 satis
1102 4310 1219 4417 liquet

137 4442 198 4521 vel
213 4466 235 4517 e
254 4439 425 4517 dialectis
446 4442 675 4545 rrdgarilrus.
700 4444 747 4523 hr
766 4444 827 4525 his
844 4448 1007 4553 quidem
1023 4472 1131 4529 nunc
1147 4474 1221 4555 pro

133 4579 362 4661 Accusatiro
376 4583 640 4689 animatorum
650 4582 850 4671 Genitivus
866 4604 1092 4697 usurpatur.
1112 4588 1162 4669 At
1180 4588 1219 4667 in

1102 4732 1175 4813 sla·
