2766 5256
226 674 361 760 XLVl'

224 880 363 956 laudato
389 876 648 967 desiderantur,
673 899 737 950 seu
765 873 808 948 de
834 876 961 975 quibus
985 877 1145 952 nondum
1170 896 1324 974 constat,

163 1102 165 1107 ,
225 1038 347 1096 utrum
366 1021 558 1118 impressae
584 1032 643 1089 aut
662 1016 703 1089 ab
714 1032 856 1091 auctore
872 1016 1061 1093 translatae
1073 1020 1210 1096 suerint
1221 990 1225 997 Ι
1237 1025 1328 1098 Sunt

152 1242 157 1249 ,
228 1177 346 1234 autem
371 1158 457 1234 hae:
491 1158 587 1268 Libri
611 1154 925 1257 Paralipomenon,
950 1157 1107 1249 Esdrae,
1132 1162 1329 1262 Propheta·

226 1327 307 1375 rum
332 1301 501 1400 (exceptis
527 1299 680 1372 Threnis
702 1313 736 1370 et
758 1296 926 1387 Daniele,
962 1324 1116 1397 quornm
1151 1304 1329 1403 exempla·

227 1442 279 1515 ria
303 1440 441 1542 cognita
458 1447 571 1529 sunt),
598 1454 633 1513 et
657 1437 984 1514 Macchabaeorum.
1017 1437 1226 1514 Psalterium
1252 1443 1331 1518 Sla-

228 1580 358 1669 vicum,
370 1577 578 1677 quibusdam
588 1577 735 1652 vocibus
745 1577 828 1653 hinc
838 1579 917 1652 inde
930 1580 1083 1668 mutatis,
1103 1597 1185 1680 post
1195 1582 1330 1680 aliquot
1357 1604 1360 1609 ·

230 1745 341 1794 annos
353 1719 388 1790 in
410 1719 534 1792 doum
556 1717 629 1790 aliis
648 1717 790 1811 libellis,
802 1724 861 1822 qui
880 1722 1044 1796 Canones
1063 1739 1098 1797 et
1122 1723 1348 1800 Acathistos·

92 1901 99 1910 ·
229 1861 432 1949 continent,
449 1857 536 1955 <ejus
557 1824 652 1933 curis
664 1859 796 1953 editum
815 1877 888 1950 est,
916 1878 951 1935 et
980 1862 1140 1960 quidem,
1172 1872 1214 1937 ut
1233 1864 1332 1939 vide-

230 2017 308 2088 tur,
333 1996 468 2073 llilnae.
518 1998 654 2108 lbidem
678 2000 790 2090 enim,
808 2002 843 2073 in
869 2000 977 2075 domo
1003 2004 1028 2077 J
1036 1969 1168 2076 acobi
1203 2002 1336 2077 Babi-

233 2168 286 2221 «η
319 2141 465 2214 senioris
489 2140 651 2242 Magistri
685 2139 811 2215 civium
840 2136 938 2216 urbis
974 2143 1118 2231 Vilnae,
1151 2167 1206 2215 an.
1239 2148 1335 2218 1525
1372 2110 1377 2127 ⁴

232 2281 450 2382 Apostolum
470 2280 505 2352 in
531 2252 566 2354 8:
591 2279 737 2353 excudit.
761 2280 818 2353 Ex
844 2284 1091 2382 eospecimina
1116 2282 1283 2383 leguntur
1301 2283 1337 2357 in

233 2420 416 2529 Sopilopii
440 2419 701 2522 Bibliograpbia
725 2444 761 2519 p.
792 2439 943 2516 tu-tp.

299 2563 535 2667 *Antequam
558 2561 594 2633 in
647 2559 778 2634 Russia
814 2562 872 2637 vel
905 2589 999 2636 unus
1038 2563 1123 2636 liber
1162 2562 1339 2653 ederetur,

233 2704 425 2804 Evangelia
442 2724 506 2802 pro
526 2725 603 2771 usu
612 2678 851 2774 Ecclesiamm
870 2703 1176 2799 Serbicarumjam
1193 2698 1247 2779 bis
1259 2702 1339 2799 edi·

90 2872 98 2886 =
238 2862 274 2918 ta
300 2845 399 2919 suere
425 2838 818 2942 perbieromonachum
849 2842 1139 2917 Mardonium
1166 2867 1186 2916 e
1211 2869 1338 2918 mona·

238 2981 344 3055 sterio
372 2964 606 3094 lllpstnuuna
621 3002 737 3088 tjpsaa
756 3003 870 3077 prope
884 2980 1035 3079 Nigrum
1063 2987 1237 3057 Montem.
1261 2986 1344 3060 Pri·

235 3145 297 3209 ma
315 3119 391 3194 vice
410 3144 464 3191 an.
488 3119 583 3213 7060
609 3119 644 3209 (ἱ.
667 3117 875 3217 e.1552)l.
901 3120 1066 3221 Augusti,
1086 3121 1249 3222 Belgradi
1272 3133 1342 3235 (ογ

244 3257 459 3372 udnrpuglt)
483 3258 519 3331 in
542 3258 602 3334 sol.
633 3261 703 3333 Pro
737 3260 803 3333 hac
830 3259 999 3351 editione,
1041 3258 1142 3357 cujus
1164 3261 1344 3362 exemplar

104 3480 108 3489 ,
244 3396 377 3473 Gousil.
413 3397 503 3498 Reg.
526 3398 662 3473 Sabbas
687 3400 831 3508 Totaly
858 3417 973 3497 servat
997 3399 1163 3487 Aradini,
1191 3398 1342 3474 alterum

240 3540 277 3612 in
295 3540 509 3614 monasterio
535 3534 810 3615 annunciationis
836 3540 902 3614 sub
921 3556 1042 3614 monte
1059 3540 1189 3615 Kablar
1208 3541 1243 3614 in
1263 3541 1347 3615 sini·

243 3694 313 3753 stra
331 3646 582 3778 ripaltloravae
600 3680 635 3753 in
651 3681 772 3756 Serbia
797 3679 885 3754 vidit
910 3680 1068 3770 Vuliris,
1094 3696 1198 3785 typos
1211 3681 1347 3767 sorma-

244 3818 506 3895 vitRadiuia
531 3820 844 3910 Dmitroviti,
864 3838 990 3921 etpost
1008 3836 1241 3896 eumsumtus
1258 3846 1345 3924 sup.

244 3957 413 4059 peditavit
436 3957 675 4055 Troianus
702 3963 869 4074 (uptun)
898 3962 1176 4038 Gundulilra
1200 3964 1343 4073 exurbe

245 4096 401 4198 Ragusa.
451 4096 573 4174 Altera
593 4101 671 4175 viee
687 4104 722 4174 in
751 4101 811 4175 sol.
831 4128 885 4176 an.
915 4121 1011 4199 7070
1036 4101 1073 4193 (i.
1091 4123 1120 4171 e.
1147 4101 1257 4200 1562)
1289 4099 1346 4177 ot.

245 4238 360 4325 tunii,
388 4237 431 4312 ad
464 4238 588 4313 aedem
611 4212 841 4333 absconsionis
869 4241 904 4313 in
931 4267 1122 4350 ssptttuurra
1158 4263 1275 4354 tpprtua
1307 4240 1348 4316 ad

245 4376 375 4475 pedem
389 4379 488 4480 Nigri
506 4379 652 4452 Montis.
688 4376 759 4454 Pro
776 4381 840 4454 bac
867 4380 1035 4469 editione,
1059 4380 1161 4478 eujus
1174 4382 1352 4484 exemplar

247 4534 299 4593 est
316 4519 352 4592 in
379 4516 471 4609 bibl.
498 4520 693 4613 Caesarea,
718 4521 916 4601 Mardarius
950 4523 1046 4623 ipse,
1077 4525 1188 4626 patria
1211 4523 1257 4598 de
1285 4523 1353 4597 llu-

1245 4687 1303 4735 vio
